2986 3832
1343 127 1405 138 .-
1473 100 1532 148 lv
1600 127 1662 137 ..-

1239 171 1253 192 Ι

303 235 425 284 lima
457 235 562 301 ipse
595 231 762 283 ὕδατά
795 233 841 283 τ’
870 235 1098 296 Ἰσμηνοῦ
1142 233 1261 297 λέγω
1294 230 1558 296 suadebat,
1591 229 1789 279 Carolus
1822 228 2042 277 Prienius
2075 227 2197 278 dixit
2230 229 2401 278 Annal.
2436 246 2547 279 nov.
2582 227 2701 299 phil.

306 328 356 367 et
389 320 533 383 paed.
572 319 663 367 vol.
699 317 894 380 LXVIII,
926 335 974 382 p.
998 319 1048 379 9,
1082 318 1226 382 longe
1260 317 1401 363 aliam
1440 332 1542 362 esse
1577 315 1819 362 rationem
1856 320 2135 359 monstrans
2164 313 2343 360 conlati
2377 329 2405 360 a
2440 305 2696 361 Dindorfio

301 401 512 465 exempli
557 400 793 463 Aeschylii
839 400 1002 447 Proin.
1040 400 1105 446 88
1138 414 1273 461 sqq.:
1316 390 1350 442 03
1386 392 1490 448 δῖος
1530 395 1681 460 αἰθὴρ
1710 395 1793 441 καὶ
1828 396 2139 458 ταχύπτεροι
2174 393 2337 451 πνοαί,
2371 400 2608 459 ποταμῶν
2641 413 2697 443 τε

299 481 467 544 πηγαί,
500 479 709 528 ποντίων
742 497 798 527 τε
832 480 1060 543 κυμάτων
1097 479 1370 544 ἀνήριθμον
1404 478 1653 541 γέλασμα,
1676 477 1945 539 παμμῆτόρ
1979 493 2033 523 τε
2069 475 2142 539 γῆ,
2175 477 2283 525 καὶ
2317 479 2408 527 τὸν
2441 480 2698 533 πανόπτην

300 565 479 610 κύκλον
508 561 652 618 ἡλίου
685 564 833 620 καλῶ,
870 559 1045 609 ἴδεσΞέ
1068 562 1123 622 μ’
1144 580 1231 608 -2
1267 561 1352 608 ubi
1388 577 1480 607 nec
1513 560 1630 623 λέγω
1665 560 1877 624 positum
1914 568 2002 621 est,
2036 557 2121 606 sed
2158 561 2313 608 multo
2347 561 2695 628 significantius

301 648 447 702 καλῶ,
478 656 527 695 et
561 656 695 695 certo
730 647 936 694 consilio
986 646 1110 694 Solis
1155 644 1464 709 potissimum
1512 644 1830 690 omnituentis
1864 643 2108 689 invocatio
2145 659 2256 690 cum
2291 646 2338 691 vi
2370 646 2583 711 quadam
2617 646 2695 692 in-

301 727 535 775 tenditur.
605 727 784 775 lsmeni
820 737 982 776 autem
1018 727 1204 774 mentio
1240 742 1332 773 nec
1372 729 1540 772 c'aussa
1571 742 1661 773 nec
1693 727 1817 772 ratio
1852 726 2144 789 perspicitur
2178 743 2264 773 cur
2292 728 2366 774 vel
2400 729 2584 775 maiore
2618 727 2693 773 vel

302 811 496 857 minore
533 828 642 858 cum
681 810 902 874 pondere
926 826 1073 875 quam
1111 819 1384 856 ceterorum
1423 808 1679 855 numinum
1714 807 1974 871 appellatio
2010 806 2163 853 lieret.
2213 806 2335 871 Ergo
2361 804 2433 856 vel
2469 810 2594 857 hanc
2629 809 2693 855 ob

304 908 408 938 rem
446 893 586 938 nihili
622 902 747 939 esset
782 892 920 955 quod
956 893 1017 938 ab
1055 893 1162 955 ipso
1203 889 1395 936 Prienio
1432 905 1543 934 curn
1582 890 1607 935 Ι.
1643 906 1675 936 s.
1712 905 1745 937 s.
1783 898 1886 936 tum
1921 889 2069 936 Musei
2107 890 2259 936 nostri
2298 890 2468 954 philol.
2504 892 2593 937 vol.
2619 890 2695 952 IX,

302 990 351 1037 p.
366 978 462 1022 239
499 976 812 1039 propositum
840 984 910 1021 est
943 969 1048 1019 οὐδ’
1075 969 1161 1019 ἄπ’
1179 969 1402 1033 Ἰσμηνὸν
1440 972 1574 1032 λέγω,
1612 970 1798 1018 etiamsi
1835 986 1934 1016 non
1967 968 2238 1031 accederet,
2274 971 2412 1034 quod
2448 989 2536 1019 nec
2552 988 2694 1035 prae-

302 1057 563 1119 positionis
596 1057 685 1103 ista
717 1059 884 1104 tmesis
917 1057 1252 1104 defensionem
1284 1056 1479 1119 patitur,
1499 1070 1588 1101 nec
1623 1053 1828 1101 omnino
1857 1068 1913 1099 ea
1943 1068 2039 1116 qua
2072 1053 2150 1099 ille
2173 1053 2326 1100 voluit
2343 1054 2693 1119 significatione

301 1138 563 1187 ‘Ismenum
603 1139 833 1201 excludo,
882 1138 1150 1203 praetereo’
1194 1153 1416 1201 graecum
1465 1145 1536 1184 est
1579 1136 1796 1198 ἀπολέγω
1827 1124 2086 1205 Ἰσμηνόν,
2125 1153 2216 1183 nec
2250 1137 2289 1184 si
2325 1148 2463 1200 esset,
2493 1139 2692 1202 dignum

304 1222 555 1287 Aeschylo.
608 1221 906 1285 videturque
944 1239 1074 1269 nunc
1109 1223 1212 1286 ipse
1248 1219 1396 1266 Geelii
1434 1215 1636 1283 ἕρμαιον
1672 1221 1881 1282 probare
1914 1221 1963 1266 in
1989 1219 2234 1283 Symbolis
2271 1222 2449 1267 criticis
2472 1224 2693 1269 Lubecae

304 1319 463 1367 nuper
498 1303 640 1350 editis
675 1320 721 1368 p.
760 1305 836 1350 38.
917 1302 1015 1363 Qui
1063 1313 1224 1350 autem
1271 1305 1385 1366 λέγω
1430 1305 1653 1352 vocabuli
1690 1321 1830 1352 usum
1869 1303 2112 1367 quendam
2151 1306 2538 1366 parentheticum
2576 1325 2696 1352 eun—

302 1386 519 1451 demque
558 1387 919 1450 epexegeticum
960 1387 1056 1433 huc
1085 1387 1252 1434 ascivit
1289 1387 1524 1435 Antonius
1544 1384 1843 1433 Lowinskius
1877 1383 2092 1433 eiusdem
2128 1385 2278 1432 Musei
2314 1387 2405 1434 vol.
2425 1385 2503 1447 XI,
2531 1406 2579 1450 p.
2599 1392 2692 1435 305

301 1469 372 1514 sic
405 1469 552 1515 verba
586 1475 763 1532 poetae
798 1468 1063 1514 instaurare
1099 1469 1191 1515 sibi
1227 1470 1376 1517 visus:
1429 1467 1601 1531 Δίρκης
1635 1485 1687 1513 τε
1725 1472 1913 1529 πηγαῖς,
1949 1464 2130 1513 οὖὲατ’
2165 1468 2390 1528 Ἰσμηνοῦ
2425 1471 2559 1532 λέγω,
2593 1489 2693 1517 non

300 1549 527 1612 cogitavit
560 1550 668 1605 (alia
703 1557 757 1595 ut
792 1549 1002 1604 mittam)
1026 1549 1077 1596 id
1098 1552 1341 1598 contrario
1364 1551 1523 1614 potius
1559 1549 1733 1596 ordine
1768 1549 2032 1597 dicendum
2068 1551 2209 1597 fuisse
2246 1549 2431 1597 obeant
2469 1557 2511 1597 τ’
2534 1554 2693 1613 Ἰσμη-

298 1636 404 1690 νοῦ,
434 1631 608 1696 Δίρκης
638 1631 789 1693 πηγὰς
826 1631 967 1694 λέγω;
1002 1632 1110 1680 talis
1146 1633 1275 1681 enim
1306 1634 1424 1681 ratio
1463 1642 1532 1680 est
1575 1631 1935 1695 Aeschyliorum
1971 1633 2161 1679 illorum
2192 1644 2244 1680 ut
2269 1631 2369 1678 ἅλω
2409 1632 2462 1680 δὲ
2494 1637 2695 1692 πολλὴν,

296 1709 510 1768 ἀσπίδος
545 1714 721 1760 κύκλον
757 1713 873 1775 λέγω
910 1713 959 1762 in
996 1713 1087 1762 hac
1123 1713 1309 1775 fabula,
1359 1715 1430 1763 vel
1476 1714 1690 1773 κέντημα
1737 1714 1986 1774 γλώσσης,
2040 1717 2276 1776 σκορπίου
2309 1716 2447 1778 βέλος
2491 1719 2607 1778 λέγω
2644 1720 2694 1764 in

295 1795 523 1844 XantriiS.
563 1797 709 1861 Atqui
740 1795 1020 1861 languidum
1054 1814 1156 1845 esse
1187 1807 1235 1844 et
1268 1815 1677 1861 supervacaneum
1715 1796 1914 1859 reliquis
1951 1797 2172 1844 additum
2210 1800 2327 1860 λέγω
2346 1809 2553 1864 uterque
2588 1816 2699 1846 sen-

298 1880 375 1928 sit.
412 1879 470 1927 Et
501 1880 721 1944 profecto
756 1880 966 1944 languet,
1001 1881 1040 1927 si
1075 1879 1213 1927 'dico'
1249 1881 1322 1927 vel
1356 1880 1583 1944 ‘inquam’
1619 1881 1842 1926 vertitur:
1879 1898 1978 1927 non
2015 1882 2278 1946 languebit,
2300 1884 2384 1929 ubi
2417 1885 2699 1947 ἐμφατικω-

302 1964 447 2028 τέρως
483 1981 696 2027 aequare
729 1962 1010 2024 ‘indicendi,
1032 1963 1330 2025 declarandi,
1359 1958 1721 2027 pronuntiandi'
1755 1964 2008 2009 notionem
2031 1965 2308 2027 putabitur,
2344 1974 2398 2011 ut
2428 1966 2557 2011 enim
2590 1982 2695 2012 sae-

303 2048 503 2111 pissime
534 2046 654 2094 illud
686 2047 783 2094 vim
820 2045 1051 2094 hortandi
1088 2046 1351 2093 iubendive
1386 2045 1560 2106 induit,
1598 2047 1662 2092 ita
1699 2045 1819 2091 nibil
1854 2045 2061 2107 impedit
2096 2048 2360 2108 quominus
2398 2049 2542 2093 etiam
2578 2065 2696 2110 pro-

304 2127 532 2175 mittendi
569 2112 880 2191 vovendique
915 2136 1203 2191 potestatem
1241 2127 1586 2174 communicet.
1622 2128 1798 2173 Verum
1834 2129 1902 2171 sic
1938 2127 2185 2174 fatendum
2219 2138 2290 2175 est
2323 2146 2437 2175 sane
2474 2131 2525 2174 in
2555 2130 2697 2175 unius

304 2210 682 2257 constructionis
717 2209 1037 2256 continuitate
1073 2213 1121 2254 ἐκ
1157 2209 1478 2269 παραλλήλου
1514 2208 1729 2268 positum
1767 2210 2042 2270 ἐπεύχομαι
2078 2210 2227 2254 verbo
2266 2225 2366 2254 non
2386 2208 2699 2255 mediocriter

307 2291 569 2340 offendere.
650 2291 758 2339 Non
805 2290 1010 2339 offendit
1060 2293 1261 2356 quidem
1294 2294 1652 2339 Her-mannum:
1709 2289 1794 2335 sed
1837 2291 1969 2336 hunc
2016 2292 2173 2354 ipsum
2221 2293 2268 2336 in
2308 2308 2362 2337 ea
2398 2307 2562 2337 caussa
2598 2307 2697 2337 non

218 2375 225 2379 ’
305 2375 605 2424 audiendum
645 2393 746 2423 esse
780 2375 919 2423 facile
954 2386 1024 2423 est
1058 2377 1119 2423 ad
1150 2376 1605 2424 demonstrandum.
1696 2376 1856 2439 Quam
1896 2376 2026 2422 enim
2073 2377 2432 2423 excusationem
2468 2375 2723 2423 tutandae

305 2457 531 2505 codicum
570 2458 839 2505 memoriae
874 2459 925 2505 in
960 2475 1003 2505 v.
1028 2461 1123 2507 265
1158 2459 1398 2521 adhibuit,
1433 2460 1517 2506 ubi
1556 2476 1655 2505 non
1689 2459 1961 2522 percepisse
1998 2457 2209 2505 editores
2242 2459 2309 2505 ait
2339 2459 2563 2505 eximiam
2600 2459 2695 2504 vim

304 2538 566 2585 iracundae
603 2539 838 2585 orationis
873 2539 925 2585 in
960 2540 1050 2585 illis
1086 2555 1212 2603 quae
1247 2549 1358 2587 sunt
1403 2541 1488 2603 ἐγὼ
1535 2537 1579 2587 δ’
1627 2543 1696 2587 ἐπ’
1732 2536 1915 2606 ἄνδρας
1950 2535 1995 2596 ἓξ
2032 2538 2140 2601 ἐμοὶ
2187 2540 2280 2587 σὺν
2328 2534 2517 2604 ἑβδόμῳ
2553 2541 2699 2593 ἀντη-

306 2622 451 2688 ρέτας
483 2622 720 2688 ἐχθροῖσι
753 2660 763 2670 .
801 2657 812 2668 .
845 2655 857 2667 .
890 2624 954 2675 εἰς
988 2624 1304 2688 ἑπτατειχεῖς
1340 2621 1531 2680 ἐξόδους
1566 2620 1721 2685 τάξω,
1773 2621 1976 2669 eandem
2014 2622 2147 2669 illum
2188 2623 2376 2670 veniam
2413 2622 2512 2669 huc
2544 2631 2700 2668 trans-

305 2705 469 2751 tulisse
506 2714 889 2751 consentaneum
927 2714 1010 2750 est.
1092 2705 1149 2752 Et
1192 2716 1356 2753 tamen
1403 2708 1525 2754 nihil
1564 2723 1665 2754 esse
1711 2706 1980 2753 evidentius
2012 2715 2175 2770 potest
2209 2722 2356 2769 quam
2395 2704 2587 2769 pridem
2623 2722 2699 2752 re-

307 2803 468 2853 pressa
512 2803 567 2833 ea
603 2786 871 2848 iracundia,
905 2804 1001 2850 qua
1037 2789 1088 2835 in
1123 2787 1324 2851 pavidas
1359 2799 1770 2851 contumacesque
1794 2789 2002 2852 virgines
2032 2789 2248 2836 invectus
2275 2797 2377 2835 erat
2410 2796 2568 2849 antea,
2601 2787 2696 2834 iam

303 2881 462 2921 totum
500 2872 551 2917 in
585 2888 644 2918 eo
676 2888 836 2935 regem
875 2888 977 2919 esse
1011 2882 1065 2919 ut
1098 2873 1285 2935 placata
1320 2882 1484 2920 mente
1521 2872 1676 2928 (τοῦτ’
1702 2872 1807 2917 ἀντ’
1836 2870 2020 2917 ἐκείνων
2055 2869 2235 2925 τοῦπος
2259 2873 2494 2936 αἱροῦμαι
2521 2870 2700 2932 σέθεν),

306 2953 391 3002 sed
427 2953 728 3001 imminentis
778 2953 980 3016 periculi
1014 2955 1243 3017 gravitate
1276 2951 1483 3018 graviter
1517 2964 1742 3018 permota
1775 2970 1940 3017 graves
1973 2955 2358 3018 tranquillasque
2393 2969 2562 3016 preces
2590 2953 2698 2999 fun-

306 3036 390 3083 dat
437 3035 811 3099 compositaque
855 3035 1076 3082 oratione
1117 3045 1229 3084 vota
1282 3046 1545 3100 nuncupet.
1630 3037 1681 3084 Ei
1729 3037 1872 3099 igitur
1917 3037 2068 3083 animi
2114 3037 2306 3084 affectui
2356 3035 2699 3081 convenienter

307 3115 731 3183 quemadmodum
771 3132 873 3164 non
908 3115 1051 3178 illud,
1097 3117 1233 3181 quod
1270 3118 1607 3167 artificiosiore
1644 3120 1867 3165 acumine
1901 3121 2201 3165 Hermannus
2237 3134 2462 3165 excusare
2497 3117 2696 3178 studuit,

305 3198 393 3246 sed
423 3199 521 3245 hoc
554 3200 719 3262 potius
754 3198 918 3246 dicere
938 3199 1154 3247 Eteocles
1189 3200 1433 3248 videbitur
1468 3200 1606 3264 quod
1645 3217 1744 3246 non
1773 3217 1915 3264 egens
1936 3201 2243 3247 excusatione
2266 3200 2526 3247 maximam
2558 3216 2696 3246 com-

305 3280 673 3328 mendationem
708 3281 1028 3346 simplicitatis
1063 3282 1232 3331 habet:
1277 3284 1362 3345 ἐγὼ
1395 3280 1439 3329 δ’
1473 3280 1551 3329 ἔτ’
1589 3277 1770 3346 ἄνδρας
1796 3277 1850 3336 ,ἐξ
1886 3281 1994 3341 ἐμοὶ
2029 3281 2122 3328 σὺν
2157 3277 2347 3345 ἑβδόμῳ
2385 3296 2426 3325 e.
2447 3297 2495 3343 q.
2515 3296 2552 3325 s.
2588 3278 2698 3342 (nec
