2986 3832
549 746 668 810 VN
678 744 1203 812 IVERSITATIS
1245 743 1806 808 FRIDERICIAE
1843 743 2368 812 GVILELMIAE

1090 860 1157 921 R
1194 857 1256 920 H
1297 859 1351 920 E
1392 858 1452 920 N
1495 862 1550 920 Α
1590 858 1652 921 N
1695 863 1748 920 A
1787 859 1845 919 E
2414 880 2417 882 ·

338 1051 1208 1125 ·REc'l*on
1312 1049 1534 1122 ΕΤ
1635 1048 2531 1123 SENATVS

992 1211 1932 1261 οοΜΜιιιΤοΝιΒνε

1439 1351 1484 1399 s,
1766 1324 1769 1325 ᾗ

437 1501 550 1548 Dies
583 1508 637 1547 ut
671 1498 804 1546 diem
843 1497 1042 1560 doceat,
1079 1517 1207 1547 novo
1244 1498 1465 1563 exemplo
1513 1498 1734 1545 volumus
1765 1515 1849 1546 eos
1882 1507 2109 1558 vestrum,
2146 1498 2243 1546 cari
2279 1499 2648 1561 commilitones,

275 1599 568 1647 cognoscere
621 1582 706 1647 qui
756 1581 934 1629 scholis
977 1582 1238 1647 Aeschyliis
1279 1598 1367 1646 per
1400 1581 1528 1627 hanc
1560 1581 1774 1627 hiemem
1811 1582 1939 1628 inter
1983 1597 2073 1628 nos
2106 1581 2286 1628 habitis
2321 1580 2652 1632 interfuerunt.

273 1665 362 1713 Vbi
399 1682 525 1731 quae
558 1666 620 1714 de
650 1666 741 1714 illis
772 1668 988 1715 versibus
1023 1665 1334 1731 exposuimus
1368 1665 1452 1730 qui
1488 1675 1597 1713 sunt
1631 1665 1681 1711 in
1715 1663 1911 1729 Septem
1944 1663 2170 1712 adversus
2185 1663 2375 1712 Thebas
2407 1682 2435 1713 a
2459 1668 2555 1715 254
2590 1668 2653 1717 ad

275 1751 391 1811 261,
425 1766 480 1797 ea
512 1750 747 1814 quoniam
785 1750 1010 1798 secundis
1046 1751 1198 1812 curis,
1247 1765 1451 1814 quarum
1489 1749 1631 1796 nobis
1678 1749 1830 1795 otium
1867 1748 1989 1796 haec
2021 1748 2404 1797 Saturnaliorum
2440 1751 2654 1801 hilaritas

272 1831 506 1880 Rhenana
543 1832 671 1895 facit,
705 1832 839 1880 haud
871 1834 1038 1880 leviter
1072 1849 1214 1896 posse
1262 1830 1510 1879 emendari
1558 1831 1899 1892 intelleximus,
1955 1847 2054 1878 non
2099 1847 2201 1878 esse
2245 1833 2650 1882 committendum

272 1914 648 1962 existimavimus
696 1923 751 1962 ut
795 1915 908 1961 novi
946 1916 1129 1963 inventi
1177 1924 1395 1979 expertes
1430 1914 1608 1960 essetis.
1694 1913 1751 1960 Vt
1785 1922 1971 1971 autem,
2008 1912 2130 1977 quid
2164 1914 2233 1960 rei
2267 1924 2448 1978 agatur,
2482 1918 2652 1964 ceteris

267 2010 469 2059 quoque
517 1996 717 2060 patefiat
764 1998 802 2043 si
851 1998 936 2062 qui
973 1998 1023 2043 in
1061 1998 1148 2044 has
1189 1997 1395 2060 pagellas
1440 1997 1608 2043 oculos
1639 1996 1861 2043 conicere
1895 1997 2149 2057 voluerint,
2183 1997 2397 2060 primum
2449 1999 2649 2062 quidem

267 2074 474 2125 Eteoclis
502 2095 779 2126 sermonem
818 2080 950 2128 illum
990 2097 1045 2127 ex
1083 2076 1350 2127 Godofredi
1387 2078 1648 2133 Hermanni
1708 2079 1957 2143 exemplo,
1992 2095 2091 2143 quo
2130 2079 2299 2126 iterato
2332 2096 2359 2127 a
2403 2081 2547 2128 nobis
2580 2083 2650 2128 uti

267 2158 318 2206 in
355 2159 721 2225 interpretando
758 2161 1114 2224 consuevimuS,
1149 2161 1491 2225 transcriptum
1521 2160 1642 2209 infra
1676 2161 1940 2224 posuimus.

795 2277 880 2339 ἐγὼ
918 2274 971 2324 δὲ
1006 2279 1169 2344 χώρας
1202 2282 1307 2333 τοῖς
1341 2278 1700 2341 πολισσούχοις
1735 2279 1896 2336 θεοῖς,

797 2355 1106 2420 πεδιονόμοις
1138 2376 1195 2404 τε
1228 2361 1432 2422 κάγορᾶς
1469 2360 1779 2423 ἐπισκόποις,
2414 2367 2516 2413 255

791 2436 966 2501 Δίρκης
998 2456 1053 2484 τε
1087 2444 1263 2501 πηγαῖς
1296 2439 1446 2485 ὕδατί
1478 2442 1527 2485 τ’
1561 2439 1787 2501 Ἰσμηνοῦ
1820 2441 1953 2503 λέγω,

797 2515 850 2563 εὖ
884 2517 1223 2583 ξυντυχόντων
1256 2521 1339 2565 καὶ
1374 2522 1553 2576 πόλεως
1589 2525 1911 2584 σεσωσμένης,

798 2602 1028 2661 μήλοισιν
1064 2603 1413 2663 αἱμάσσοντας
1447 2605 1618 2660 ἑστίας
1652 2608 1790 2668 θεῶν,

792 2689 1247 2745 ταυροκτονοῦντας
1283 2686 1493 2747 θεοῖσιν,
1529 2684 1606 2735 ὧδ’
1642 2690 1914 2752 ἐπεύχομαι

794 2765 965 2819 θήσειν
998 2766 1236 2830 τρόπαια,
1269 2763 1418 2813 δαΐων
1455 2768 1496 2817 δ’
1534 2772 1799 2831 ἐσθήματα
2416 2779 2514 2824 ‘260

795 2850 961 2907 στέψω
998 2851 1090 2914 πρὸ
1122 2855 1247 2898 ναῶν
1282 2846 1579 2915 δουρέπηχῖι’
1611 2854 1769 2914 ἁγνοῖς
1804 2848 1984 2912 δόμοις.

795 2935 986 2978 τοιαῦτ’
1024 2935 1237 2998 ἐπεύχου
1270 2935 1334 2995 μὴ
1372 2936 1677 2999 φιλοστόνως
1710 2938 1842 2988 ’θεοῖς
1874 2937 1981 2981 κτλ.

396 3043 453 3089 Et
488 3044 538 3090 in
574 3044 651 3091 his
685 3045 805 3092 illud
839 3046 1067 3110 quidem,
1102 3048 1238 3111 qnod
1276 3065 1364 3112 pro
1395 3052 1628 3096 librorum
1670 3051 1903 3112 scriptura
1942 3057 2373 3093 OYAA'HICMHNOY
2401 3057 2650 3117 praeclara

265 3126 496 3185 praeclari
533 3129 742 3175 auctoris
773 3130 1069 3192 emendatio,
1093 3130 1254 3178 lacobi
1286 3131 1455 3193 Geelii,
1477 3128 1626 3178 ὕδατί
1653 3134 1699 3177 τ’
1716 3135 1945 3193 Ἰσμηνοῦ
1989 3146 2205 3199 suscepta
2233 3146 2320 3197 est,
2357 3139 2646 3188 meministis

267 3206 408 3250 omni·
440 3223 495 3254 ex
530 3218 666 3273 parte
701 3227 726 3256 a
766 3211 908 3257 nobis
945 3212 1140 3259 laudari.
1210 3213 1354 3260 Recte
1390 3214 1519 3259 enim
1557 3223 1725 3260 contra
1761 3214 2051 3263 Guilelmum
2082 3216 2409 3281 Dindorfium,
2445 3222 2530 3284 qui
2567 3239 2646 3268 re-

263 3285 470 3347 probata
507 3305 654 3355 quam
688 3292 824 3356 prius
858 3294 1147 3357 probaverat
1179 3294 1409 3342 Lndovici
1446 3295 1598 3343 fratris
1634 3297 1912 3345 coniectura
1937 3294 2088 3344 ὕδασί
2115 3299 2160 3344 τ’
2198 3298 2455 3350 Geelianae
2489 3303 2648 3350 simil-
