2986 3832
271 318 357 366 ubi
393 326 443 365 et
469 333 538 363 τα
568 333 707 365 versu
738 318 929 383 primo,
978 326 1028 364 et
1057 318 1204 367 tertio
1238 334 1272 364 τ
1303 316 1518 365 secunda
1552 333 1701 364 manu
1735 315 2146 380 suprascriptum
2179 324 2251 362 est
2282 316 2344 362 ab
2381 314 2659 381 eademque

270 400 326 446 θ’
358 399 600 449 adiectum
637 402 687 449 in
724 396 1084 465 δουρίπληχθ’;
1120 401 1319 450 disiecta
1352 410 1513 449 autem
1545 401 1766 448 membra
1800 400 1899 446 sive
1931 408 2105 463 poetae
2138 399 2237 446 sive
2272 399 2548 463 interpretis
2581 399 2657 446 vel

270 483 601 546 interpunctio
655 482 824 547 prodit
867 484 987 532 facta
1034 494 1146 548 post
1179 484 1427 548 τρόπαια,
1472 493 1585 547 post
1616 479 1902 543 ἐσθήμασι,
1944 491 2056 544 post
2099 477 2263 529 δαΐων.
2349 481 2471 528 Hinc
2513 480 2659 544 igitur

273 563 412 628 quod
458 565 759 612 Hermannus
807 565 965 612 effecit
1007 568 1068 613 ab
1109 567 1250 613 initio
1285 583 1314 613 a
1360 567 1504 613 nobis
1555 565 1877 629 perscriptum
1924 564 2010 627 qui
2060 564 2248 627 placere
2295 564 2386 627 ipsi
2443 562 2659 627 potuerit

271 663 410 709 aegre
427 665 701 711 assequare:
740 659 840 694 tam
868 650 1051 695 insuavi
1084 648 1399 695 construendi
1434 648 1612 694 duritie
1647 663 1703 692 ex
1731 647 1934 709 obliqua
1961 647 2181 692 oratione
2211 648 2262 693 in
2285 657 2466 693 rectam
2498 656 2663 692 trans-'

269 730 364 775 itur
399 748 425 777 a
460 732 635 783 θήσειν
671 730 910 777 infinitivo
947 731 1009 777 ad
1040 731 1225 792 στέψω,
1261 747 1350 794 pro
1387 747 1488 794 quo
1510 739 1675 776 tamen
1708 730 1757 775 in
1785 738 2019 793 promptu
2055 729 2256 787 στέψειν
2280 738 2406 775 erat:
2443 729 2656 791 reliquas

269 811 561 858 offensiones
599 829 658 857 ne
694 813 921 858 iteremus
967 823 1105 858 antea
1149 814 1261 858 satis
1302 812 1607 875 disceptatas.
1692 811 1787 856 Nisi
1827 811 1963 874 quod
1999 812 2243 873 praeclaro
2279 828 2395 857 sane
2429 811 2654 856 acumine

269 891 566 958 δουρίπηχθ’
615 912 641 940 e
689 896 827 941 nihili
871 898 1107 942 memoria
1151 897 1386 941 librorum
1431 896 1554 940 eruit
1595 911 1686 958 pro
1734 909 1793 938 eo
1842 893 1979 956 quod
2026 895 2267 939 l'orsonus
2313 896 2362 940 in
2410 893 2653 956 Euripidis

267 975 445 1020 Hecub.
482 991 524 1019 v.
562 976 658 1021 482
695 986 1017 1037 proposuerat
1051 973 1366 1039 δουρίληφθ’.
1455 976 1608 1021 Vnum
1650 985 1812 1021 autem
1860 975 1926 1019 illi
1975 976 2142 1019 vitium
2182 993 2280 1020 non
2316 985 2503 1021 tantum
2540 991 2650 1020 cum

269 1055 509 1102 Guilelmo
552 1056 806 1103 Dindorfio
845 1074 1107 1104 commune
1144 1068 1230 1120 est,
1264 1059 1400 1105 cuius
1433 1058 1720 1121 scripturam
1755 1061 1899 1119 supra
1935 1058 2298 1119 perstrinximus
2332 1056 2471 1121 p.v1.
2502 1072 2653 1119 supr.,

266 1139 352 1185 sed
392 1140 536 1185 etiam
577 1155 687 1184 cum
724 1140 933 1186 Roberto
961 1141 1147 1204 Engero
1186 1150 1371 1201 nostro,
1407 1141 1491 1203 qui
1529 1157 1653 1187 nova
1688 1140 1763 1187 via
1800 1144 2035 1204 ingressus
2072 1141 2197 1187 hanc
2240 1157 2395 1204 nuper
2438 1141 2649 1203 speciem

267 1224 631 1288 Aeschyliorum
669 1223 929 1271 verborum
966 1224 994 1270 l.
1032 1240 1067 1270 s.
1105 1241 1141 1271 s.
1177 1240 1226 1288 p.
1255 1221 1322 1270 48
1361 1222 1746 1270 commendavit:

1507 1304 1784 1369 ἐπεύχομαι

796 1388 969 1440 θήσειν
999 1388 1191 1450 πρόναα
1224 1384 1467 1448 πολεμίων
1502 1387 1769 1449 ἐσθήματα

799 1471 1002 1533 λάφυρα
1036 1467 1164 1531 δᾴων
1201 1466 1496 1534 δουρίπηχθ’
1530 1472 1688 1531 ἁγνοῖς
1725 1469 1913 1531 δόμοις.

263 1553 317 1599 In
361 1569 456 1616 qua
503 1554 714 1616 primum
763 1552 1060 1598 laudandum
1113 1562 1207 1613 est,
1259 1552 1397 1615 quod
1433 1569 1532 1597 non
1568 1565 1717 1615 posse'
1743 1554 1853 1599 ferri
1901 1552 2148 1616 τροπαίων
2207 1553 2458 1598 notionem
2514 1554 2657 1598 iutel-

267 1635 407 1679 lexit:
460 1625 664 1679 alterurn
711 1634 845 1694 hoc,
893 1634 1028 1696 quod
1082 1650 1228 1679 unam
1274 1634 1554 1680 continuam
1602 1652 1702 1680 esse
1747 1635 1923 1680 horum
1974 1635 2195 1679 omnium
2241 1636 2652 1680 constructionem

270 1715 503 1778 pervidit:
554 1714 880 1778 improbanda
915 1725 1075 1761 autem
1114 1732 1223 1761 cum
1260 1716 1351 1762 alia
1387 1725 1488 1762 tum
1528 1717 1668 1778 illud,
1704 1718 1838 1781 quod
1878 1735 1976 1763 non
2018 1718 2179 1763 minus
2215 1716 2434 1779 profecto
2470 1733 2655 1760 ταυτο-

266 1797 388 1858 λόγα
425 1807 536 1843 sunt
567 1796 762 1859 πρόναα
798 1807 846 1842 et
879 1793 1175 1860 δουρίπηχθ’
1210 1798 1370 1858 ἁγνοῖς
1405 1796 1572 1859 δόμοις
1608 1817 1753 1863 quam
1790 1800 1919 1863 apud
1953 1802 2280 1846 Hermannum
2323 1798 2653 1844 Dindorfium-

267 1898 364 1944 que
400 1876 444 1925 δ.
483 1881 644 1940 ἁγνοῖς
679 1877 847 1938 δόμοις
885 1890 932 1926 et
964 1881 1057 1943 πρὸ
1090 1887 1215 1926 ναῶν
1250 1883 1408 1928 verba.
1476 1883 1648 1927 Rursus
1681 1889 1840 1926 autem
1879 1897 1987 1926 cum
2018 1880 2123 1925 solo
2162 1879 2417 1925 Dindorfio
2449 1880 2649 1924 alterum

261 1963 587 2025 ταυτολογίας
625 1965 897 2027 exemplum
934 1966 1193 2028 participat
1228 1967 1371 2012 etiam
1411 1966 1569 2011 minus
1602 1965 1878 2024 tolerabile,
1914 1963 2050 2027 quod
2095 1963 2310 2009 cernitur
2353 1964 2403 2008 in
2448 1963 2653 2027 λάφυρα

261 2043 388 2109 δᾴων
424 2056 472 2094 et
516 2044 758 2106 πολεμίων
793 2046 1063 2107 ἐσθήματα
1107 2050 1375 2094 vocabulis:
1439 2048 1531 2093 sibi
1587 2056 1748 2094 autem
1792 2047 2037 2110 propriam
2084 2046 2210 2092 hanc
2247 2048 2468 2109 culpam,
2515 2046 2651 2109 quod

263 2130 465 2175 minime
500 2130 740 2191 vulgarem
779 2131 945 2187 στέψω
985 2131 1114 2176 vocis
1150 2146 1287 2176 usum
1327 2129 1419 2175 sibi
1456 2130 1690 2191 persuasit
1723 2130 2053 2192 interpolatori
2092 2129 2276 2175 deberi·
2359 2129 2472 2186 Quo
2512 2145 2654 2191 acce-¹

262 2210 335 2256 (lit
370 2210 507 2274 quod
543 2227 740 2273 prorsus
775 2211 1021 2257 immerito
1057 2212 1198 2257 nobis
1228 2211 1418 2257 videtur
1452 2210 1567 2257 illud
1607 2211 1655 2256 in
1692 2212 1962 2257 Hermanno
2000 2210 2263 2271 criminari,
2298 2210 2435 2273 quod
2473 2210 2510 2255 is
2549 2226 2649 2256 non

264 2292 466 2339 ferenda
509 2291 712 2337 libidine
758 2292 848 2338 alia
885 2308 940 2337 ex
975 2293 1078 2338 aliis
1114 2291 1315 2339 Medicei
1366 2292 1549 2339 codicis
1585 2293 1797 2339 versibus
1832 2302 2047 2355 suscepta
2084 2294 2132 2338 in
2169 2308 2318 2338 unum
2358 2292 2645 2338 contulerit:

266 2375 403 2439 quasi
441 2392 540 2420 non
596 2374 738 2436 longe
791 2373 1183 2437 frequentissimo
1220 2393 1307 2421 usu
1343 2375 1437 2422 hoc
1475 2376 1631 2438 ipsum
1670 2375 1870 2435 eveniat,
1905 2383 1957 2420 ut
1991 2374 2268 2437 promiscue
2310 2375 2359 2420 in
2395 2372 2652 2420 codicibus

266 2454 608 2517 conglutinatis
640 2455 932 2517 scriptorum
969 2456 1472 2519 interpolatorumque
1497 2458 1654 2503 verbis
1676 2457 1790 2504 illud
1814 2474 1961 2504 unum
1989 2455 2303 2519 spectandum
2329 2457 2407 2517 sit,
2442 2466 2495 2504 ut
2527 2457 2652 2520 quid

266 2547 434 2602 suapte
455 2547 622 2584 natura
644 2536 843 2601 dign'um
876 2554 976 2584 esse
997 2539 1250 2602 scriptore,
1284 2538 1403 2603 quid
1428 2556 1596 2603 sapere
1631 2542 1938 2603 interpretem
1973 2538 2206 2600 videatur,
2242 2540 2428 2586 acriore
2469 2538 2653 2586 iudicio

267 2621 593 2683 dispiciamus,
680 2622 810 2667 Hanc
856 2622 998 2685 igitur
1035 2637 1256 2666 normam
1300 2623 1450 2668 secuti
1487 2624 1698 2685 primum
1733 2625 1824 2687 πρὸ
1860 2627 1984 2668 ναῶν
2023 2624 2505 2686 interpretamentum
2550 2640 2653 2669 esse

268 2702 460 2749 illorum
498 2720 623 2767 quae
659 2714 769 2750 sunt
804 2699 1094 2767 δουρίπηχθ’
1134 2706 1295 2765 ἁγνοῖς
1331 2700 1500 2764 δόμοις
1541 2707 1937 2770 pronuntiamus:
1990 2704 2170 2750 deinde
2206 2703 2449 2763 πολεμίων
2498 2705 2651 2750 inter-

268 2795 625 2849 pretamentum
665 2784 815 2833 δαΐων
855 2788 1094 2833 nominis:
1148 2797 1316 2835 contra
1353 2806 1451 2835 non
1492 2790 1804 2836 concedimus
1840 2789 2043 2835 eandem
2080 2789 2318 2834 rationem
2358 2804 2459 2833 esse
2501 2786 2655 2842 ἐσθή-

269 2884 408 2927 ματα
446 2878 493 2912 et
528 2868 732 2932 λάφυρα
766 2871 1039 2915 notionum.
1127 2870 1243 2917 Nam
1293 2873 1378 2916 etsi
1435 2871 1551 2916 illud
1594 2871 1793 2935 quidem
1831 2871 1926 2916 sere
1971 2871 2218 2933 poeticum
2255 2879 2442 2914 tantum
2486 2880 2573 2930 est,
2609 2881 2657 2916 at

273 2950 369 2995 hoc
404 2966 492 2995 nec
529 2950 886 3013 frequentatum
926 2967 1096 3012 prosae
1133 2953 1365 2999 orationis
1401 2954 1718 3016 scriptoribus
1755 2969 1842 2998 nec
1877 2953 1937 2998 ab
1977 2953 2089 3013 ipsis
2124 2951 2313 3013 tragicis
2365 2952 2522 3013 poetis
2558 2953 2656 2998 ullo

272 3041 414 3091 pacto
451 3031 662 3078 alienum
719 3033 955 3080 novimus.
1036 3034 1173 3080 Velut
1219 3035 1267 3080 in
1305 3034 1473 3080 eadem
1511 3050 1704 3097 prorsus
1739 3050 1900 3080 caussa
1930 3035 2063 3085 θεοῖς
2099 3033 2304 3095 λάφυρα
2347 3039 2514 3079 ταῦτα
2549 3041 2658 3088 τοῖς

270 3111 383 3154 καθ’
417 3108 631 3158 Ἑλλάδα
665 3108 833 3173 δόμοις
866 3113 1256 3161 ἐπασσάλευσαν
1293 3116 1507 3181 α’ρχαῖον
1542 3116 1681 3177 γάνος
1719 3117 1818 3180 ipse
1852 3116 2109 3179 Aeschylus
2143 3115 2263 3162 dixit
2283 3118 2661 3178 Agamemnonis

272 3207 314 3239 v.
353 3195 447 3240 556
490 3190 900 3253 (ἐπασσάλευσαν
936 3196 1136 3260 quidem
1175 3198 1521 3244 convenienter
1555 3197 1598 3244 ei
1637 3197 1771 3260 quod
1809 3206 1877 3243 est
1900 3194 2231 3259 δουρίπηκτα),
2267 3198 2490 3246 similiter
2521 3200 2657 3247 idem

274 3270 515 3334 λαφύροις
549 3272 687 3336 δῶμα
722 3278 959 3336 κοσμήσει
996 3278 1180 3340 πατρός
1206 3279 1348 3326 huius
1371 3278 1558 3327 fabulae
1579 3278 1754 3340 v.460,
1793 3280 1905 3326 item
1945 3282 2002 3325 σὲ
2039 3280 2345 3341 παγχρύσοις
2382 3281 2467 3341 ἐγὼ
2493 3284 2660 3337 στέψω

276 3350 518 3416 λαφύροις
553 3355 821 3419 Sophocles
860 3358 984 3404 Aiac.
1036 3361 1116 3419 92,
1151 3359 1242 3405 alia
1284 3359 1356 3405 vel
1390 3358 1653 3423 Sopboclia
1686 3362 1760 3407 vel
1797 3359 2043 3423 Euripidia
2079 3377 2141 3406 ne
2180 3377 2308 3408 nuuc
2343 3363 2660 3411 cumulemus.

2100 3445 2128 3474 o

2101 3476 2131 3489 u
