2986 3832
1349 182 1675 231 -χῑ-

311 329 450 368 verat
478 319 685 384 quidem
700 320 932 377 Eteocles,
966 318 1054 367 sed
1089 335 1146 367 ea
1182 326 1380 366 voverat
1413 331 1541 381 quae
1576 316 1681 381 ipse
1714 331 1807 379 pro
1839 331 1892 362 se
1924 315 2054 362 solus
2088 314 2403 379 praestiturus
2438 324 2565 363 erat:
2601 333 2703 364 non

315 402 493 466 potuit,
526 404 567 449 ei
599 411 813 467 saperet,
847 402 926 447 vel·
957 401 1131 448 eadem
1164 401 1239 447 vel
1281 399 1395 447 talia
1423 415 1603 446 vovere
1636 399 1781 445 etiem
1818 398 2022 462 virgines
2052 399 2237 460 iubere,
2271 414 2299 445 a
2335 412 2543 463 quarum
2588 415 2703 463 per-

315 485 450 531 sonis
483 486 561 532 illa
595 493 734 531 erant
765 483 1072 530 alienissima.
1141 484 1198 530 Et
1225 483 1339 529 satis
1372 482 1423 528 in
1457 481 1700 545 principio
1738 481 1990 541 orationis,
2023 496 2149 544 quae
2182 489 2504 546 utrorumque
2540 481 2701 529 officia

317 577 501 630 essent,
547 568 624 614 his
660 567 819 613 verbis
853 565 1298 612 discriminaverat:
1348 562 1499 629 εὔχου
1531 563 1600 609 τὰ
1632 562 1841 630 κρείσσω
1876 564 1939 618 (b.
1965 578 2007 608 e.
2040 565 2230 610 saniore
2260 565 2449 613 ratione
2484 569 2700 629 precare)

313 646 602 714 ξυμμάχους
635 645 761 696 εἶναι
795 650 954 702 θεούς·
981 648 1145 709 κάμῶν
1178 634 1421 694 α’κούσασ’
1442 647 1693 709 εὐγμάτων
1723 646 1793 705 (h.
1812 662 1854 693 e.
1875 643 2123 707 votorum)
2152 641 2319 693 ἔπειτα
2339 645 2404 693 σὺ
2424 644 2702 709 ὀλολυγμὸν

313 731 418 797 ἱρὸν
453 733 626 794 εὐμενῆ
658 729 928 778 παιάνισον
963 729 1013 778 h.
1043 734 1091 777 e:
1120 729 1357 779 sollemne
1387 744 1540 793 genus
1573 728 1701 778 bene
1735 727 2036 792 compositae
2069 729 2362 792 precationis
2395 728 2573 791 funde,
2608 746 2701 793 op-

320 816 530 879 positum
569 813 618 864 id
656 812 858 879 quidem
894 813 1137 864 subitariis
1173 830 1229 862 ac
1260 812 1586 862 tumultuariis
1621 812 1801 878 quibus
1835 822 1975 860 antea
2010 810 2308 860 indulserant
2336 813 2574 875 lamentis,
2621 814 2696 861 vel

316 898 453 963 quod
489 897 666 946 eodem
717 895 844 944 redit
887 895 1207 958 φιλοστόνοις
1243 901 1474 957 ματαίοις
1519 892 1729 960 κάγρίοις
1762 898 2121 959 ποιφύγμασιν.
2207 897 2328 960 Ergo
2363 897 2585 960 ‘precare’
2626 907 2698 944 est

310 978 541 1043 ἐπεύχου.
609 980 786 1028 Verum
823 978 1042 1026 additum
1080 981 1293 1025 τοιαῦτα
1323 982 1407 1043 qui
1442 980 1622 1043 poterit
1655 997 1755 1026 non
1791 978 1851 1026 ad
1885 980 2108 1043 proxima
2140 997 2265 1043 quae
2299 980 2613 1043 praecedunt,
2646 982 2700 1027 in

316 1064 495 1126 quibus
527 1073 691 1109 tamen
731 1062 859 1108 nulla
906 1063 1135 1125 precandi
1189 1064 1377 1109 mentio
1411 1062 1549 1122 faeta,
1595 1062 1680 1109 sed
1713 1062 1775 1109 ad
1812 1063 1890 1109 illa
1935 1063 2096 1109 referri
2134 1079 2161 1109 a
2194 1064 2374 1126 quibus
2407 1064 2554 1127 ipsius
2594 1065 2695 1109 voti

313 1146 525 1192 Eteoclei
563 1146 812 1205 intervallo
848 1154 1118 1207 separatum
1158 1146 1267 1191 esti)
1338 1147 1429 1191 Aut
1463 1145 1604 1207 igitur
1638 1147 1802 1191 omnia
1838 1145 2004 1191 fallunt
2037 1154 2120 1190 aut
2156 1161 2257 1191 non
2281 1145 2513 1209 integram
2551 1145 2690 1191 codi-

314 1243 392 1273 ces
427 1229 549 1291 regis
585 1228 858 1273 orationem
896 1237 1154 1273 servarunt.
1222 1228 1319 1275 Nec
1352 1228 1593 1290 ignorant,
1628 1228 1712 1292 qui
1747 1228 1957 1292 aliquem
1994 1244 2132 1275 usum
2171 1227 2359 1274 habent
2391 1227 2534 1275 huius
2567 1227 2696 1289 artis,

312 1326 458 1372 quam
506 1326 684 1373 saepe,
718 1310 803 1355 ubi
863 1310 1010 1355 semel
1061 1310 1248 1372 gravius
1282 1309 1465 1355 turbari
1512 1318 1737 1372 coeptum
1779 1319 1848 1355 est
1890 1311 1936 1355 in
1974 1319 2188 1356 veterum
2228 1309 2392 1369 libris,
2426 1309 2699 1356 mirimodis

318 1391 467 1438 mixta
502 1407 557 1438 ea
592 1392 693 1454 ipsa
730 1390 829 1437 duo
864 1407 1039 1454 genera
1076 1391 1378 1454 corruptelae
1422 1390 1718 1451 habeantur,
1755 1409 1963 1456 quorum
2001 1392 2202 1439 alterum
2238 1391 2440 1452 lacunis,
2476 1391 2694 1455 interpo-

312 1473 491 1519 latione
527 1475 727 1520 alterum
764 1474 1052 1521 continetur.
1124 1474 1260 1520 Velut
1294 1473 1390 1519 hau
1421 1472 1570 1519 dubie
1606 1474 1729 1519 illius
1762 1490 1921 1520 versus
1956 1474 2268 1537 interpolatio
2311 1474 2397 1537 qui
2429 1483 2500 1520 est
2534 1475 2583 1520 in
2610 1474 2700 1520 hac

310 1555 469 1602 fabula
491 1557 610 1603 176:
646 1557 858 1601 τοιαῦτά
892 1554 985 1603 τᾶν
1006 1555 1185 1618 γυναιξὶ
1223 1555 1458 1604 συνναίων
1495 1552 1640 1620 ἔχοις,
1673 1558 1852 1604 sociam
1889 1557 2058 1604 babuit
2091 1558 2211 1604 alius
2230 1558 2407 1605 senarii
2443 1559 2693 1619 iacturam,

310 1652 456 1699 quem
495 1654 594 1684 non
633 1638 1022 1701 improbabiliter
1072 1656 1211 1701 posse
1257 1640 1399 1685 talem
1449 1638 1590 1684 fuisse
1631 1637 1907 1684 Dindorfius
1955 1632 2204 1686 coniecit!
2243 1640 2416 1705 τοιγὰρ
2462 1643 2698 1705 προφωνῶ

309 1722 464 1764 πᾶσιν
500 1720 694 1783 ἡσύχως
729 1717 748 1765 ἔ
750 1737 874 1784 χειν.
909 1722 1030 1767 Hinc
1053 1722 1196 1784 igitur
1214 1721 1565 1786 consectarium
1591 1737 1691 1767 esse
1715 1721 1809 1767 hoc
1838 1722 2072 1782 volumus,
2103 1731 2157 1768 ut
2187 1740 2214 1769 a
2249 1723 2349 1769 voti
2383 1724 2691 1787 susceptione

308 1817 391 1848 sua
427 1802 488 1849 ad
523 1803 661 1850 chori
692 1803 1082 1850 cohortationem
1101 1804 1318 1851 Eteocles
1351 1804 1433 1850 tali
1470 1803 1567 1850 fere
1606 1803 1756 1850 modo
1790 1805 2050 1853 transierit:
2086 1807 2280 1852 τοιαῦτ’
2306 1806 2391 1868 ἐγὼ
2427 1808 2515 1865 μὲν
2551 1804 2691 1868 εὖχο-

308 1900 411 1944 μαι,
451 1884 516 1929 σὺ
555 1880 608 1931 δὲ
643 1885 707 1946 μὴ
743 1885 1050 1948 φιλοστόνως
1080 1885 1305 1950 ἐπεύχου.
1394 1888 1450 1934 Et
1482 1895 1535 1933 ut
1570 1887 1756 1951 aliquid
1793 1889 1995 1951 exempli
2035 1888 2285 1951 ludamus,
2320 1890 2414 1936 iam
2455 1890 2687 1952 integram

310 1968 580 2015 orationem
627 1985 716 2032 pro
769 1969 889 2015 virili
926 1978 1060 2032 parte
1095 1986 1122 2015 a
1159 1970 1300 2017 nobis
1336 1969 1730 2017 reconcinnatam
1767 1971 1968 2034 accipite
2000 1972 2191 2034 qualem
2231 1972 2353 2020 infra
2384 1973 2692 2036 scripsimus:

767 2102 871 2164 ἐγὼ
907 2100 970 2149 δὲ
1022 2105 1220 2167 χώρας
1253 2107 1384 2156 τοῖς
1421 2101 1890 2167 πολισσούχοις
1933 2105 2109 2157 Ξεοῖς

769 2183 1182 2247 πεδιονόμοις
1218 2203 1286 2231 τε
1322 2173 1581 2251 κάγορᾶς
1616 2185 2011 2244 ἐπισκόποις,
2464 2190 2559 2234 255

690 2275 694 2279 ”
768 2266 983 2331 Δίκρης
1032 2287 1096 2314 τε
1148 2273 1372 2330 πηγαῖς
1420 2264 1606 2312 ὕδατί
1641 2269 1685 2312 τ’
1724 2267 2003 2326 Ἰσμηνοῦ
2051 2266 2220 2329 λέγω,

768 2345 831 2395 εὗ
881 2349 1317 2415 ξυντυχόντων
1368 2349 1467 2395 καὶ
1515 2351 1743 2403 πόλεως
1798 2350 2225 2412 σεσωσμένης,

769 2434 1069 2493 μήλοισιν
1122 2433 1456 2496 αἱμάσσων
1507 2431 1636 2478 τόθ’
1675 2433 1890 2488 ἑστίας
1934 2435 2084 2481 θεῶν

775 2519 998 2571 θήσειν
1050 2522 1326 2583 τροπαῖα
1373 2514 1555 2563 δαΐων
1607 2516 1974 2579 ἐσθήματα,
2463 2520 2559 2566 260

773 2599 1016 2666 στέφων
1062 2601 1311 2666 λάφυρα
1351 2597 1727 2666 δουρίπηχΞΡ
1770 2603 1981 2664 ἁγνοῖς
2027 2595 2263 2662 δόμοις.

767 2687 1026 2729 τοιαῦτα
1069 2682 1258 2745 [τοῖμὰ
1291 2680 1738 2749 προσδέχοινῧ’
1793 2683 2135 2748 ὁρκώματα.

770 2765 847 2810 σὺ
892 2762 939 2811 δ’
979 2762 1100 2829 οὖν]
1145 2762 1414 2830 ἐπεύχου
1459 2766 1533 2827 μὴ
1582 2764 1968 2828 φιλοστόνως
2003 2766 2206 2826 θεοῖς,

772 2843 900 2907 μηδ’
953 2847 1015 2894 ἐν
1065 2847 1350 2909 ματαίοις
1398 2846 1672 2911 κάγρίοις
1713 2848 2178 2910 ποιφύγμασιν·

769 2932 835 2976 οὐ
887 2932 994 2995 γάρ
1044 2951 1105 2979 τι
1150 2933 1393 2994 μᾶλλον
1431 2931 1507 2993 μὴ
1553 2933 1745 2996 φύγῃς
1794 2929 1865 2976 τὸ
1915 2929 2254 2991 μόρσιμον.

306 3063 390 3112 Vel
426 3062 464 3110 si
502 3061 648 3110 males
682 3059 802 3125 τᾶμ’
836 3062 891 3111 ἂν
925 3059 1294 3130 προσδέχοινὲζ
1356 3064 1494 3125 Quae
1529 3081 1637 3111 cum
1675 3064 1735 3111 ab
1770 3062 1845 3109 his
1880 3061 2210 3126 excipiuntur:

772 3193 938 3259 e‘ycb-B'
970 3195 1040 3244 ’ἐτ’
1069 3195 1248 3264 ἄνδρας
1282 3195 1328 3255 ’ἐξ
1364 3199 1471 3260 ἐμοὶ
1507 3199 1601 3245 σὺν
1639 3194 1826 3262 ἑβδόμῳ

772 3279 1032 3348 ἀντηρέτας
1068 3281 1303 3347 ἐχθροῖσι
1338 3283 1427 3329 τὸν
1462 3281 1613 3345 μέγαν
1646 3281 1830 3345 τρόπον

772 3366 836 3419 εἱς
872 3367 1177 3431 ἑπτατειχεῖς
1212 3363 1400 3421 ἐξόδους
1433 3363 1561 3421 τάξω
1598 3365 1776 3427 μολών,
