2986 3832
1272 146 1667 194 .-νι-

301 291 389 355 qui
422 304 525 336 non
576 294 765 334 tantum
801 292 901 331 tam
937 283 1126 330 bonum
1175 297 1368 330 vei-mm
1412 296 1626 347 vereque
1668 281 2003 346 Aeschyli-n,
2048 282 2207 345 qua&
2254 285 2338 332 ille
2371 295 2444 334 cut
2475 285 2710 347 μήλοισιν

301 371 659 434 αἱμάσσοντας
695 365 866 420 ἑστίας
893 365 1045 428 θεῶν,
1093 365 1321 414 licentius
1352 363 1600 413 damnavit
1634 363 1760 413 duce
1795 363 2122 427 Blomfieldio,
2150 365 2242 416 sed
2273 376 2471 417 suomet
2501 369 2710 418 consilio

303 455 355 503 i'n
398 452 614 503 eiusdem
650 449 874 516 supplicii
923 449 1209 498 societatem
1246 448 1393 497 etiam
1423 446 1622 496 duobus
1649 446 1886 511 proximis
1928 447 2092 496 ascitis
2121 448 2244 498 nihil
2280 450 2458 515 reliqui
2502 452 2615 501 fecit
2647 465 2708 502 en

305 535 542 587 tralaticia
565 534 798 583 ubertate
834 541 1027 597 praeter
1061 530 1184 579 haec
1215 530 1329 578 satis
1363 528 1617 578 macilenta
1653 527 1828 578 frusta:

905 643 959 693 εὖ
994 644 1338 711 ξυντυχόντων
1372 645 1453 690 καὶ
1484 643 1665 698 πόλεως
1694 646 2004 707 σεσωσμένης

899 732 1109 798 λάφυρα
1144 727 1275 793 δᾴων
1311 725 1607 792 δουρίληφθ’
1639 729 1803 790 ἁγνοῖς
1836 726 2008 790 δόμοις

903 816 1072 875 στέψω
1109 814 1207 877 πρὸ
1240 816 1367 858 ναῶν
1400 810 1642 872 πολεμίων
1676 812 1959 872 ἐσθήματα.

307 933 446 996 Quae
483 932 664 999 quibus
699 932 804 980 aliis
840 928 1172 978 incommodis
1195 930 1436 990 laborent,
1456 926 1578 974 infra
1600 926 1874 990 apparebit:
1911 943 2042 975 nunc
2076 944 2228 975 unum
2266 929 2365 978 hoc
2399 931 2703 995 quaerimus,

304 1033 405 1081 quo
445 1016 549 1062 iure
587 1031 745 1079 quave
775 1013 1122 1079 probabilitate
1173 1011 1390 1074 ipsorum
1426 1008 1774 1056 sacrificiorum
1805 1009 2003 1072 sponsio
2049 1010 2110 1056 ab
2145 1009 2353 1058 Eteoclis
2388 1022 2503 1059 voto
2540 1029 2703 1075 segre-

299 1108 454 1161 getur,
490 1113 692 1160 prorsus
727 1112 783 1143 ea
814 1093 875 1142 ad
909 1109 1071 1140 rerum
1108 1090 1452 1138 condicionem
1490 1090 1878 1152 sollemnemque
1913 1090 1963 1137 in
1998 1106 2057 1137 eo
2087 1107 2265 1153 genere
2292 1092 2694 1141 consuetudinem

302 1177 564 1242 apposita?
598 1175 697 1225 Sed
730 1175 899 1236 μήλοις
933 1191 1049 1221 sane
1084 1180 1137 1220 ut
1172 1169 1340 1219 dedita
1377 1190 1527 1235 opera
1563 1171 1707 1219 etiam
1739 1171 1934 1236 ταύρων
1969 1172 2154 1219 mentio
2177 1172 2448 1235 accederet,
2472 1194 2560 1222 nec
2581 1194 2698 1238 pro-

299 1259 426 1307 fecto
464 1277 554 1323 per
600 1276 652 1304 se
705 1257 798 1304 ulla
837 1255 1093 1303 necessitas
1128 1253 1217 1300 fuit
1252 1263 1300 1299 et
1333 1271 1392 1299 eo
1429 1253 1591 1299 minus
1626 1271 1818 1300 caussae
1855 1256 2123 1314 inventum,
2159 1274 2260 1320 quo
2298 1259 2504 1304 certiore
2537 1275 2699 1322 gram-

298 1344 593 1391 maticorum
645 1339 929 1388 testimonio
978 1346 1167 1384 constat
1212 1337 1318 1398 ipso
1355 1335 1517 1394 μήλων
1554 1337 1756 1382 nomine
1796 1338 1945 1383 boves
1976 1339 2360 1401 comprehensos
2407 1357 2509 1385 esse
2564 1341 2699 1405 παρὰ

298 1432 404 1480 τοῖς
435 1416 689 1489 ἀρχαίοιςε
727 1423 790 1470 de
826 1438 927 1486 quo
964 1430 1181 1467 veterum
1216 1418 1580 1465 observationes
1614 1419 1675 1464 ab
1697 1422 1906 1481 Augusto
1926 1419 2135 1467 Nauckio
2173 1422 2470 1484 compositas
2504 1423 2693 1469 habetis

299 1507 637 1572 Aristophanis
672 1506 744 1554 sui
782 1521 830 1570 p.
873 1505 963 1552 197
1003 1517 1114 1565 sqq·
1204 1503 1374 1564 ltaque
1421 1500 1519 1546 hoc
1555 1502 1638 1564 qui
1677 1511 1759 1549 aut
1797 1520 1895 1550 non
1945 1503 2245 1550 meminisset
2278 1513 2361 1551 aut
2388 1506 2604 1568 exposite
2651 1516 2699 1554 et

301 1599 466 1653 aperte
504 1587 853 1636 declarandum
889 1594 1117 1650 putaret,
1151 1582 1211 1630 ad
1250 1583 1483 1629 maiorem
1521 1584 1703 1631 scilicet
1738 1585 2146 1648 magnificentiam
2180 1585 2401 1633 sacrificii
2439 1588 2696 1635 notionem

298 1671 600 1719 adducturus
631 1671 768 1718 facile
805 1686 916 1716 eum
954 1667 1241 1714 versiculum
1281 1664 1606 1727 confingebat,
1653 1684 1799 1729 quem
1840 1666 2146 1713 manifestum
2185 1678 2256 1713 est
2290 1669 2553 1715 conflatum
2592 1687 2693 1716 esse

297 1773 323 1802 e
344 1753 599 1816 Sophoclii
630 1754 978 1814 ταυροκτονεῖν
1008 1750 1143 1798 verbi
1182 1748 1519 1796 recordatione
1540 1747 1907 1811 adsumptisque
1926 1767 1952 1795 e
1971 1750 2221 1811 superiore
2242 1768 2381 1796 versu
2398 1753 2609 1806 θεοῖσιν,
2636 1771 2692 1798 ex

294 1838 458 1900 paullo
483 1836 712 1883 inferiore
745 1835 1056 1895 ἐπεύχεσθαι
1094 1832 1361 1878 vocabulis:
1392 1830 1489 1877 hoc
1521 1841 1680 1877 autem
1704 1842 1952 1892 postremo
1976 1849 2035 1877 ne
2053 1834 2166 1878 satis
2190 1832 2455 1878 commode
2475 1834 2695 1895 quidem,

297 1919 386 1963 nisi
413 1919 634 1964 fallimur.
673 1917 906 1963 Nolumus
935 1916 983 1960 in
1007 1932 1065 1959 eo
1086 1915 1287 1959 haerere
1312 1915 1551 1959 morosius
1585 1912 1739 1974 quod,
1777 1914 1863 1958 etsi
1899 1913 2111 1976 ‘precari’
2138 1924 2186 1960 et
2218 1913 2463 1977 εὔχεσθαι
2487 1925 2534 1960 et
2553 1915 2693 1959 ἐπεύ-

293 2001 488 2062 χεσθαι
525 1999 707 2045 dictum
748 2014 850 2043 esse
881 2005 1096 2055 constat,
1140 1990 1308 2041 tamen
1341 1995 1400 2042 ad
1438 1994 1675 2041 ‘vovendi'
1712 1997 1964 2042 notionem
2003 1997 2161 2059 ipsum
2200 1999 2400 2043 verbum
2445 2000 2695 2060 composi-

291 2091 397 2127 tum
436 2082 643 2127 omnino
678 2096 779 2125 non
811 2087 882 2124 est
916 2094 942 2123 a
981 2078 1170 2140 tragicis
1205 2078 1364 2139 poetis
1397 2078 1679 2123 translatum
1701 2087 1892 2139 praeter
1912 2078 2009 2124 hoc
2026 2095 2177 2124 tinum
2211 2080 2497 2141 exemplum.
2545 2079 2695 2137 Quod

291 2173 346 2210 ut
381 2165 598 2226 potuisse
633 2171 798 2208 tamen
845 2160 950 2206 fieri
987 2160 1276 2222 largiamur,
1324 2168 1370 2205 at
1417 2160 1638 2205 omnium
1691 2160 1893 2206 minime
1942 2160 2204 2206 commode
2242 2160 2487 2207 fatendum
2527 2171 2598 2206 est
2633 2178 2691 2207 eo

292 2247 403 2292 loco
441 2245 573 2305 fieri,
625 2244 708 2289 ubi
747 2243 914 2305 paucis
956 2250 1064 2304 post
1115 2242 1331 2287 versibus
1378 2241 1552 2286 eodem
1586 2241 1895 2302 ἐπεύχεσθαι
1932 2241 2080 2286 verbo
2118 2242 2296 2288 chorus
2344 2257 2442 2287 non
2479 2240 2695 2301 ‘vovere’,

289 2327 377 2374 sed
413 2324 627 2392 ‘precari’
665 2326 936 2372 iuberetur:
983 2325 1196 2387 ἐπεύχου
1231 2324 1295 2383 μὴ
1333 2324 1640 2386 φιλοστόνως
1674 2324 1820 2376 θεοῖς.
1860 2323 1972 2383 Quo
2010 2332 2062 2370 ut
2098 2324 2242 2371 etiam
2279 2333 2478 2388 augetur
2514 2322 2692 2370 fraudis

292 2411 515 2473 suspitio,
552 2410 615 2455 ita
652 2410 700 2455 in
738 2408 830 2453 hac
868 2407 970 2471 ipsa
1007 2405 1164 2452 sabula
1199 2407 1312 2452 satis
1346 2407 1484 2453 vobis
1519 2415 1708 2452 constat
1747 2422 1845 2452 non
1883 2406 2049 2453 deesse
2086 2408 2304 2470 exempla
2329 2407 2473 2453 simili
2509 2405 2691 2452 seduli-

290 2500 389 2538 tate
424 2491 709 2538 adsutorum
745 2504 1022 2552 pannorum
1060 2488 1108 2534 h.
1148 2503 1186 2533 e.
1225 2504 1326 2534 non
1363 2505 1388 2535 a
1425 2488 1631 2534 librariis
1665 2489 1828 2551 potius
1865 2488 2166 2551 adsutorum,
2220 2506 2366 2553 quam
2405 2505 2431 2535 a
2468 2486 2692 2535 doctiore

291 2576 458 2638 aliquo
495 2575 678 2620 lectore
715 2571 1046 2635 profectorum
1084 2571 1169 2635 qui
1207 2570 1434 2616 nimirum
1474 2570 1666 2632 ingenio
1706 2570 1976 2633 indulgeret
2010 2588 2096 2618 suo
2132 2570 2504 2633 ludibundaque
2547 2586 2691 2617 manu

292 2656 417 2720 quid
455 2657 578 2703 vires
609 2662 810 2719 possent
839 2654 1152 2717 experiretur.

458 2754 666 2818 Expulso
705 2753 987 2815 importuno
1025 2731 1389 2812 additamento,
1429 2749 1567 2813 quod
1606 2768 1706 2797 non
1742 2762 1812 2799 est
1848 2753 2025 2799 mirum
2064 2752 2461 2814 interpolatorem
2495 2766 2691 2797 accom-

293 2835 518 2884 modasse
554 2834 616 2882 ad
649 2849 760 2879 eum
808 2848 954 2895 quem
988 2833 1221 2895 scriptum
1258 2834 1549 2896 repperisset
1580 2833 1931 2892 αἱμάσσοντας
1966 2835 2318 2893 accusativum,
2371 2831 2591 2894 sequitur
2638 2842 2691 2879 ut

294 2919 392 2965 hoc
427 2918 534 2982 ipso
571 2915 697 2980 quid
730 2914 814 2962 fiat
848 2924 1130 2978 quaeratur,
1187 2915 1372 2979 quippe
1404 2913 1542 2979 quod
1578 2931 1726 2979 supra.
1758 2915 2018 2964 viderimus
2052 2918 2156 2964 sine
2202 2917 2331 2976 ἡμᾶς
2366 2914 2462 2961 dici
2495 2930 2692 2977 prorsus

299 3017 399 3047 non
436 3000 668 3063 potuisse.
720 2998 879 3061 Atque
910 2996 997 3054 ¹hic
1032 2996 1233 3060 quidem
1272 2998 1394 3044 viam
1433 2998 1644 3045 veritatis
1680 3000 1981 3061 apertissime
2006 3009 2141 3047 vetus
2161 2999 2418 3047 scholiasta
2440 3006 2690 3059 monstrat,

298 3098 396 3127 non
434 3082 473 3127 is
507 3081 591 3144 qui
628 3078 782 3125 λείπει
820 3080 944 3139 ἡμᾶς
979 3077 1262 3143 adscripsit,
1297 3078 1381 3126 sed
1416 3080 1558 3144 longe
1597 3080 1678 3127 illo
1716 3091 1763 3128 et
1798 3083 2119 3144 praestantior
2154 3092 2201 3130 et
2236 3091 2289 3130 ut
2323 3081 2457 3128 facile
2489 3091 2690 3144 apparet

294 3164 572 3226 antiquior,
618 3165 754 3211 cuius
800 3165 849 3211 in*
891 3163 1109 3211 Mediceo
1158 3163 1330 3211 codice
1374 3165 1618 3227 quantivis
1663 3165 1808 3227 pretii
1853 3168 1998 3212 verba
2041 3166 2162 3213 haec
2216 3175 2349 3212 sunt:
2404 3164 2687 3224 ε’σθήμασιν

295 3246 567 3305 ἐσθήματα
603 3247 840 3300 ἀναθήσω
887 3245 981 3309 πρὸ
1018 3248 1113 3291 τῶν
1148 3248 1274 3291 ναῶν
1308 3245 1374 3290 τὰ
1417 3246 1639 3311 λάφυρα.
1702 3248 1736 3294 Ε
1773 3249 1956 3311 quibm
1993 3250 2213 3312 primum,
2252 3250 2353 3295 hot
2382 3248 2692 3313 intellegitur,

293 3330 445 3377 talem-
478 3330 728 3392 interpreti
765 3331 1052 3394 scripturam
1090 3338 1202 3375 ante
1239 3329 1406 3376 oculos
1441 3329 1599 3392 finisse,
1635 3347 1734 3394 qua
1768 3348 1874 3377 nom
1900 3330 1963 3377 ad
1986 3331 2251 3379 Thebanos
2278 3331 2555 3392 universos,
2602 3332 2693 3380 seul
