2986 3832
1309 134 1648 181 —vu—

272 275 343 326 ad
377 274 522 324 unius
554 271 763 320 Eteoclis
791 285 1054 334 personam
1086 268 1190 316 voti
1223 267 1467 331 susceptio
1501 266 1786 314 referreturz
1821 282 1932 313 nam
1969 283 2060 330 pro
2089 266 2208 328 λέγω
2233 266 2407 319 θήσειν
2442 267 2529 313 etsi
2562 267 2675 314 satis

269 356 540 407 commode
571 370 762 419 ponere
797 353 1035 405 ἀναθήσω
1069 351 1246 413 potuit,
1280 358 1330 397 at
1363 367 1456 414 pro
1491 349 1610 410 λέγω
1642 349 1770 409 ἡμᾶς
1797 350 1971 402 θήσειν
2003 352 2220 413 profecto
2253 366 2353 397 nou
2384 352 2547 415 potuit
2568 366 2670 397 nou

268 440 611 498 ἀναθήσομεν.
696 433 813 493 Quo
862 431 1053 480 accedit
1104 431 1243 495 quod
1289 432 1541 494 singularis
1592 433 1781 478 numeri
1831 448 1931 478 nou
1979 434 2138 479 minus
2172 442 2341 498 aperto
2372 432 2558 479 indicio
2594 441 2666 479 est

274 520 417 585 quod
452 517 767 581 subsequitur
811 514 980 572 στέψω
1013 516 1215 561 verbum
1234 548 1251 575 ,
1295 512 1360 560 de
1407 529 1508 577 quo
1527 529 1633 559 suo
1668 513 1780 559 loco
1816 511 2019 559 dicetur.
2090 515 2216 561 Haec
2246 515 2390 580 igitur
2423 528 2532 562 cam
2567 514 2666 561 vini

277 605 462 651 habere
495 600 848 664 intellegimus,
881 607 936 643 ut
971 598 1268 661 Aeschyliam
1301 597 1562 644 verborum
1599 598 2012 644 constructionem
2049 613 2147 644 non
2183 598 2323 645 aliam
2356 607 2504 663 atque
2539 597 2668 645 hauc

274 689 419 736 fuisse
449 692 741 748 coarguent:
799 680 884 743 ἐγὼ
934 679 991 728 δὲ
1036 681 1153 741 λέγω
1189 681 1419 742 μήλοισιν
1454 680 1718 741 αἱμάσσων
1753 681 1925 735 ἑστίας
1961 682 2084 728 θεῶν
2114 683 2286 735 θήσειν
2316 709 2390 728 -.
2446 682 2542 729 Nec
2571 680 2670 728 fere

276 771 386 834 plus
422 784 570 832 quam
605 767 751 811 unius
786 765 973 809 litterae
1010 764 1330 810 mutationem
1362 763 1506 809 uobis
1539 763 1801 827 sumimus,
1835 781 1944 811 cum
1982 780 2010 810 a
2043 774 2217 828 poetae
2251 781 2397 813 manu
2435 766 2532 812 boc
2567 779 2669 812 esse

271 853 548 916 profectum
582 848 882 894 conicimus:

905 928 1135 987 μήλοισιν
1170 927 1502 987 αἱμάσσων
1534 928 1668 974 τόθ’
1703 927 1875 981 ἑστίας
1910 930 2034 974 θεῶν

904 1010 1077 1061 θήσειν
1114 1027 1195 1055 --ε

276 1094 416 1161 quod
452 1110 551 1139 uno
590 1089 797 1136 evanido
833 1090 1136 1136 semicirculo
1172 1090 1241 1137 sic
1275 1090 1507 1153 scriptum
1542 1105 1986 1140 Aincconroctcruc
2039 1108 2150 1141 cum
2194 1091 2430 1141 sententia
2467 1103 2668 1155 careret,

272 1179 410 1225 facile
434 1175 586 1222 videri
612 1173 772 1237 potuit
793 1172 839 1217 in
865 1171 1216 1231 αἱμάσσοντας
1234 1173 1409 1223 ἑστίας
1429 1170 1769 1235 corrigendum
1795 1188 1910 1220 esse.
1948 1173 1982 1221 E
2009 1190 2110 1237 quo
2133 1173 2269 1222 fonte
2293 1174 2667 1222 constructionis

274 1258 521 1325 perversio
556 1254 832 1321 gravissima
870 1255 1092 1301 manavit.

405 1340 477 1388 Ad
515 1341 736 1403 proxima
772 1339 1015 1403 pergimus
1050 1345 1119 1399 ut,
1157 1336 1277 1401 quid
1314 1335 1511 1384 tandem
1547 1337 1606 1383 sit
1633 1334 1770 1400 quod
1799 1336 2079 1385 effecturum
2105 1354 2155 1384 se
2174 1337 2392 1385 Eteocles
2433 1338 2663 1401 pollicea-

268 1432 364 1486 tur,
399 1421 610 1487 patefiat.
647 1421 882 1469 Nimirum
918 1420 1130 1484 primum
1166 1419 1339 1472 θήσειν
1361 1419 1593 1483 τρόπαια,
1626 1429 1874 1484 praeterea
1896 1429 2055 1467 autem
2092 1420 2244 1484 spolia
2269 1420 2436 1484 opima
2468 1422 2664 1485 templis

270 1506 522 1554 affixus-um
559 1505 771 1551 hostium
804 1504 1099 1549 vestimenta.
1137 1503 1192 1549 Et
1211 1502 1272 1548 de
1297 1504 1510 1566 tropaeis
1540 1504 1769 1551 intellexit
1800 1507 1943 1551 etiam
1976 1520 2100 1549 unus
2133 1504 2528 1550 scholiastarum:
2564 1520 2659 1548 πα-

270 1589 565 1653 ρατηρητέον
585 1583 666 1632 ὅτι
690 1582 877 1631 οὐδέπω
896 1581 951 1638 ἦν
976 1587 1001 1638 ἡ
1025 1584 1116 1631 τῶν
1141 1583 1388 1647 τροπαίων
1410 1584 1658 1644 ὀνομασία
1679 1585 1810 1630 κατὰ
1828 1584 1918 1631 τὸν
1935 1577 2204 1630 Ἐτεοκλέα·
2237 1580 2362 1630 ὥστε
2392 1585 2657 1648 ἀνεβίβασε

267 1672 334 1716 τὰ
371 1671 501 1716 κατὰ
538 1671 630 1716 τὸν
657 1668 841 1734 χρόνον
877 1669 903 1714 ὁ
932 1668 1200 1733 Αἰσχύλος.
1237 1666 1333 1716 Sed
1360 1683 1414 1715 ea
1448 1676 1608 1716 tamen
1644 1668 1979 1730 interpretatio
2016 1668 2175 1715 omnis
2209 1670 2474 1731 quominus
2509 1669 2659 1717 fidem

278 1753 512 1814 inveniat,
554 1765 746 1798 caussae
782 1751 976 1796 obstant
1009 1748 1329 1811 gravissimae.
1381 1747 1495 1795 Nam
1519 1747 1728 1810 primum
1767 1745 1968 1810 quidem
2006 1764 2116 1794 cum
2155 1748 2297 1795 etiam
2335 1759 2535 1811 tropaea
2560 1769 2659 1798 non

278 1833 474 1882 aliunde
510 1833 600 1881 uisi
641 1848 666 1880 e
700 1832 867 1896 spoliis
902 1831 1158 1879 hostilibus
1192 1829 1340 1892 fiant,
1387 1830 1563 1878 mirum
1599 1838 1671 1876 est
1704 1829 1878 1877 horum
1917 1831 2242 1891 mentionem,
2294 1833 2559 1879 seiunctam
2597 1836 2657 1880 ab

275 1916 494 1980 ipsorum
543 1922 859 1979 tropaeorum
904 1913 1254 1976 promissione,
1308 1912 1358 1960 in
1405 1912 1550 1960 altera
1596 1920 1783 1959 tantum
1829 1921 1963 1975 parte
2009 1912 2264 1975 bipertitae
2312 1915 2659 1961 enuntiationis

271 1998 396 2058 fieri,
434 1999 741 2058 omninoque
792 1996 905 2041 satis
955 2004 1152 2041 ornatae
1204 1995 1252 2040 in
1299 1995 1391 2042 hac
1425 2004 1561 2058 parte
1597 1995 1807 2040 orationi
1843 1997 2085 2057 praemitti
2121 2005 2216 2042 tam
2256 1997 2457 2042 exilibus
2500 1996 2659 2042 verbis

273 2080 445 2124 elatam
479 2078 650 2129 θήσειν
675 2076 892 2140 τρόπαια
918 2079 1188 2124 notionem.
1259 2077 1365 2124 Non
1401 2077 1562 2123 minus
1596 2085 1756 2123 autem
1795 2087 1984 2140 praeter
2013 2078 2268 2139 rationem,
2306 2079 2389 2124 ubi
2423 2074 2574 2123 δαίων
2611 2076 2656 2124 δ’

273 2162 542 2219 ἐσθήματα
597 2161 754 2206 verbis
788 2160 849 2206 ad
886 2161 1086 2206 alterum
1126 2160 1400 2205 membrum
1441 2159 1676 2205 enuntiati
1721 2160 1981 2219 transitur,
2012 2175 2040 2205 a
2075 2160 2340 2222 spoliorum
2382 2161 2430 2206 in
2465 2162 2661 2223 templis

273 2241 578 2306 figendorum
628 2241 920 2304 cogitatione
955 2241 1169 2302 seiuncta
1206 2249 1276 2286 est
1308 2240 1652 2287 sacrificiorum
1681 2243 1898 2306 sponsio,
1920 2259 2045 2306 quae
2075 2252 2237 2287 tamen
2272 2253 2473 2306 apparet
2505 2244 2659 2290 multo

275 2326 417 2372 etiam
457 2324 616 2386 aptius
652 2325 763 2370 illuc
799 2341 944 2387 quam
982 2322 1043 2369 ad
1078 2332 1278 2386 tropaea
1322 2324 1571 2387 pertinere
1604 2326 1693 2371 sub
1742 2324 1826 2371 dio
1862 2325 1966 2370 fieri
2002 2325 2140 2370 solita
2176 2325 2223 2370 in
2262 2342 2434 2390 campo
2470 2336 2655 2390 aperto.

278 2410 336 2456 Et
370 2417 422 2454 ut
457 2408 553 2453 hoc
594 2406 961 2453 incommodum
1001 2415 1181 2452 mutata
1217 2403 1274 2452 δέ
1308 2407 1358 2454 in
1393 2424 1445 2452 τε
1483 2408 1720 2472 particula
1755 2408 1890 2454 facile
1926 2409 2126 2468 vitetur,
2172 2417 2331 2455 tamen
2369 2411 2513 2471 longe
2558 2411 2662 2457 evi-

274 2491 610 2538 dentissimum
637 2500 972 2554 argumentum
1008 2489 1105 2534 hoc
1135 2498 1295 2550 restat,
1316 2489 1455 2552 quod
1487 2493 1727 2536 constanti
1750 2490 1984 2552 loquendi
2016 2506 2101 2536 usu
2139 2490 2399 2554 tropaeum
2438 2491 2661 2538 statuere’

278 2590 387 2620 cum
423 2573 594 2619 ceteris
627 2571 944 2633 scriptoribus
979 2570 1121 2616 etiam
1159 2577 1334 2631 poetae
1364 2570 1528 2633 tragici
1583 2570 1790 2616 ἱστάναι
1823 2575 2062 2635 τροπαῖον
2092 2569 2316 2617 dixerunt
2352 2578 2428 2625 (ut
2463 2573 2653 2618 mittam

274 2656 474 2718 ὀρθοῦν,
512 2654 742 2717 ἐγείρειν),
780 2671 879 2700 non
910 2653 1107 2698 τιθέναι
1196 2651 1551 2701 Animadvertit
1580 2653 1677 2699 hoc
1710 2652 2009 2699 Marklandus
2045 2653 2093 2698 in
2128 2653 2378 2716 Supplices
2413 2655 2658 2719 Euripidis

273 2754 316 2782 v.
354 2741 482 2798 657,
530 2739 685 2783 tribus
738 2738 776 2782 is
822 2736 1022 2799 quidem
1067 2736 1263 2781 τιθέναι
1301 2735 1434 2787 verbi
1472 2736 1703 2798 exemplis
1737 2735 2033 2795 memoratis,
2070 2735 2156 2781 sed
2192 2751 2403 2798 quorum
2442 2738 2656 2800 primum

274 2821 481 2881 petitum
519 2837 545 2866 e
578 2819 857 2883 Choephor.
894 2835 937 2864 v.
976 2820 1071 2864 762
1123 2818 1233 2862 ἀλλ’
1279 2819 1321 2862 εἰ
1353 2814 1596 2877 τροπαίαν
1632 2818 1751 2869 Ζεὺς
1781 2821 1938 2862 κακῶν
1972 2818 2117 2869 θήσει
2147 2819 2284 2873 ποτέ,
2320 2819 2405 2864 ubi
2436 2819 2512 2865 vel
2544 2818 2659 2884 ‘tpd-

274 2918 423 2947 παιον
468 2904 542 2949 vel
584 2900 804 2966 τρόπαια
840 2901 965 2947 male
1013 2900 1247 2948 suadebat
1291 2900 1562 2959 Porsonus,
1599 2915 1793 2963 prorsus
1831 2899 1947 2946 hinc
1980 2900 2189 2947 alienum
2227 2900 2315 2947 sit:
2368 2901 2572 2950 alterum
2612 2903 2663 2949 in

277 2985 455 3032 Helena
491 2984 733 3051 Euripidis
766 3001 808 3031 v.
849 2986 975 3032 1380
1013 2984 1068 3038 ὡς
1105 2982 1362 3049 βαρβάρων
1395 2981 1612 3047 τρόπαια
1647 2981 1825 3047 μυρίων
1859 2982 1972 3046 χερὶ
2007 2984 2173 3037 θήσων
2202 2982 2370 3031 addito
2409 2984 2520 3050 χερί
2567 2984 2663 3032 dif-

278 3067 425 3116 ferat:
461 3070 657 3117 tertium
690 3068 1024 3133 Aristophanis
1067 3068 1115 3115 in
1146 3068 1404 3133 Lysistrata
1452 3082 1492 3111 v.
1527 3068 1623 3114 318
1660 3083 1757 3114 non
1792 3068 1955 3113 θεῖναι
1995 3065 2081 3114 sed
2115 3066 2304 3113 θέσθαι
2335 3077 2546 3132 praestat
2578 3087 2664 3134 ge-

277 3152 448 3198 netivis
482 3153 716 3200 sociatum
753 3147 992 3197 δέσποινα
1016 3146 1139 3203 Νίκη
1170 3146 1390 3212 ξυγγενοῦ
1407 3152 1500 3195 τῶν
1524 3147 1568 3194 τ’
1597 3152 1646 3196 ἐν
1677 3150 1818 3196 πόλει
1853 3154 2085 3212 γυναικῶν
2111 3157 2199 3195 τοῦ
2229 3155 2315 3196 νῦν
2349 3157 2665 3214 παρεστῶτος

279 3232 498 3294 θράσους
532 3235 720 3282 θέσθαι
755 3238 994 3300 τροπαῖον
1043 3234 1177 3294 ἡμᾶς.
1258 3232 1396 3293 Quae
1443 3249 1551 3280 cum
1589 3234 1653 3281 ita
1689 3234 1813 3295 sint,
1849 3233 2010 3282 denuo
2047 3242 2237 3299 praesto
2274 3243 2346 3282 est
2377 3235 2540 3284 salutis
2577 3233 2667 3282 ad-

281 3316 503 3363 minister
536 3319 817 3380 scholiasta,
865 3333 965 3364 non
1010 3318 1049 3364 is
1096 3318 1182 3381 qui
1227 3317 1289 3364 de
1323 3307 1634 3380 tropaeorum
1671 3317 1894 3364 instituto
1929 3325 2284 3364 commentatus
2318 3326 2417 3378 est,
2451 3316 2536 3364 sed
2573 3318 2669 3363 iam
