2986 3832
1367 118 1669 166 ...v-

318 251 454 300 enim
485 249 687 316 dignum
723 252 800 299 eui
836 251 1158 299 immoremur
1188 251 1390 299 Burtoni
1425 249 1800 314 Blomfieldique
1834 257 2168 296 commentum
2212 247 2299 309 ἐγὼ
2335 242 2387 319 δέ
2415 246 2455 310 γ’
2489 246 2717 315 ἅνδραςν,

319 333 386 380 ita
418 333 482 380 ab
510 331 681 380 eadem
718 332 843 396 regis
877 331 1174 380 condicione
1204 334 1372 382 iterata
1406 334 1458 382 in
1493 331 1610 393 λέγω
1629 339 1678 378 et
1694 331 1972 394 ἐπεύχομαι
2009 331 2164 376 verbis
2199 329 2408 377 vovendi
2444 333 2580 379 notio
2607 350 2712 381 non

320 412 505 477 poterit
539 429 638 460 non
674 413 829 461 aliena
870 413 1090 461 iudicari.
1179 413 1330 475 Quod
1373 414 1413 462 si
1449 414 1515 461 ita
1550 423 1637 476 est,
1666 411 1798 461 haud
1832 412 2103 473 immerito,
2139 412 2188 459 in
2225 421 2385 460 utrum
2422 414 2585 462 locum
2620 416 2709 463 ali-

322 494 446 558 quid
477 497 761 560 suspitionis
793 496 951 559 cadat‚
986 507 1259 561 quaeretur.

486 611 593 658 Non
629 612 811 677 poterit
843 621 1023 673 autem,
1059 613 1143 676 qui
1176 612 1237 659 ad
1273 613 1368 659 vim
1404 613 1636 676 simplicis
1668 614 1879 661 veritatis
1915 630 2015 660 non
2052 630 2248 677 prorsus
2282 614 2577 675 occalluerit,
2609 614 2710 661 ullo

326 691 479 739 modo
512 695 828 757 gravissimas,
863 696 1044 759 quibus
1075 696 1177 759 ipse
1213 711 1375 742 versus
1408 694 1505 742 259
1528 696 1783 742 'obnoxius
1814 705 1901 757 est,
1936 695 2266 743 dubitationes
2297 697 2370 743 vel
2405 695 2708 743 dissimulare

323 776 398 821 vel
434 784 723 822 monstratas
759 776 980 823 infitiari:
1018 793 1144 840 quae
1186 786 1298 824 sunt
1333 792 1538 824 numero
1578 785 1822 841 quattuor.
1907 778 2023 825 Nam
2061 779 2272 840 primum
2311 778 2420 840 quis
2451 787 2563 840 post
2602 782 2708 829 τοῖς

322 855 686 921 πολισσούχοις
721 859 853 912 θεοῖς
888 867 936 906 et
972 860 1076 922 ipso
1107 859 1331 922 proximo
1362 875 1501 905 versu
1534 856 1705 911 ἑστίας
1739 860 1861 904 ςθεῶν
1892 860 2229 906 molestissime
2254 860 2476 907 iteratum
2512 860 2709 906 θεοῖσιν

324 953 485 1001 aequo
523 940 687 986 animo
724 939 877 986 ferat?
928 939 979 986 ln
1014 940 1149 987 cuius
1183 941 1343 987 locum
1380 941 1418 988 si
1454 958 1564 988 cum
1593 941 1897 989 Blomfieldio
1933 946 2088 988 πᾶσιν
2123 943 2380 988 substituas
2410 959 2583 1005 parum
2620 960 2711 1006 per

323 1037 374 1068 se
410 1021 663 1085 plausibile
700 1039 726 1070 a
762 1024 1090 1071 concinnitate
1125 1024 1426 1085 sententiae,
1474 1033 1523 1071 at
1562 1025 1624 1071 ita
1662 1025 1746 1087 qui
1782 1024 2007 1085 tandem,
2043 1041 2153 1071 cum
2186 1025 2405 1088 profecto
2446 1028 2710 1086 συνώνυμα

320 1119 421 1150 non
471 1106 567 1151 sint
614 1106 957 1169 μηλοσφαγεῖν
1008 1117 1055 1153 et
1087 1111 1461 1172 ταυροκτονεῖν,
1509 1108 1605 1154 hoc
1638 1108 1852 1171 potuisse
1886 1108 1986 1153 sine
2032 1108 2208 1171 copula
2243 1107 2370 1155 adici
2419 1109 2708 1156 credamus?

319 1190 600 1251 praesertim
636 1207 744 1237 cum
783 1192 833 1237 in
868 1201 1099 1254 promptu
1131 1201 1254 1238 esset
1285 1191 1368 1237 καὶ
1392 1191 1760 1253 βουθυτοῦντας
1795 1190 1971 1244 dicere,
2008 1191 2058 1236 id
2095 1190 2235 1253 quod
2267 1191 2531 1236 commode
2553 1208 2709 1254 nuper

323 1271 561 1319 Robertus
612 1271 823 1335 Engerus
869 1271 1126 1320 admonuit
1179 1274 1343 1320 Annal.
1381 1292 1489 1320 nov.
1522 1274 1639 1335 phil.
1686 1282 1734 1318 et
1768 1273 1907 1334 paed.
1945 1275 2037 1318 vol.
2074 1273 2252 1334 LXXV,
2287 1292 2333 1336 p.
2369 1273 2448 1321 48.
2538 1275 2707 1336 ltaque
2738 1289 2742 1292 ⁴

318 1351 516 1416 utrique
555 1353 873 1403 incommodo
909 1365 961 1402 ut
996 1364 1286 1415 occurreret,
1318 1356 1770 1416 ταυροκτονοῦντας
1800 1356 1857 1400 τέ
1891 1365 2014 1418 σφιν
2052 1358 2268 1402 Prienius
2303 1356 2702 1417 commendabat,

321 1434 387 1481 ob
437 1434 485 1482 id
530 1436 748 1483 laudatus
791 1455 818 1484 a
866 1437 1110 1483 Ludovico
1146 1438 1379 1485 Schillero
1428 1438 1477 1481 in
1517 1437 1688 1481 Diariis
1733 1436 2102 1482 Monacensibus
2161 1438 2255 1482 vol.
2286 1437 2489 1499 XXXIX,
2525 1455 2573 1501 p.
2613 1442 2704 1485 27:

322 1533 421 1562 non
458 1518 734 1564 mehercule
767 1523 1034 1565 sententiae
1071 1520 1332 1580 quicquam
1369 1519 1442 1563 vel
1477 1517 1708 1579 ponderis
1743 1519 1812 1562 vel
1843 1520 2022 1580 gratiae
2057 1518 2240 1563 addens
2273 1519 2459 1581 addito,
2495 1537 2596 1584 quo
2633 1521 2705 1565 sa-

320 1596 497 1644 cillime
533 1616 767 1659 caremus,
802 1598 980 1646 dativo.
1034 1600 1090 1645 Vt
1117 1599 1245 1646 baud
1283 1600 1443 1661 paullo
1481 1601 1740 1659 venustius,
1777 1603 1861 1664 qui
1894 1602 2122 1644 hariolari
2156 1602 2310 1661 vellet,
2338 1604 2554 1664 potuerit
2581 1619 2704 1646 ταυ-

318 1682 669 1743 ροκτονοῦντάς
712 1683 758 1728 τ’
794 1684 1011 1742 ἀσμένως
1046 1687 1322 1745 ἐπεύχομαι
1357 1686 1528 1736 Ξ-ιήσειν
1563 1685 1665 1726 κτλ.
1705 1685 1943 1727 conicere.
2017 1684 2131 1728 Nam
2167 1684 2455 1728 Bothianum
2493 1685 2697 1748 quidem

319 1766 775 1825 ταυροκτονοῦντας
811 1766 880 1828 2³,
929 1760 1059 1811 οἶσιν
1094 1760 1176 1810 ὧδ’
1210 1768 1484 1829 ἐπεύχομαι
1519 1782 1579 1810 ne
1614 1765 1823 1827 intellegi
1861 1763 2061 1827 quidem
2093 1773 2253 1828 potest
2298 1779 2386 1809 nec
2417 1783 2587 1830 graece
2622 1768 2697 1814 lo-

315 1847 508 1909 quentis
526 1849 688 1910 potius
708 1867 856 1913 quain
881 1850 1194 1895 balbutientis
1228 1859 1312 1895 est.
1342 1850 1516 1895 Verum
1537 1848 1677 1893 tertia
1700 1846 1903 1891 offensio
1939 1847 2060 1892 baec
2086 1846 2270 1893 accedit
2304 1847 2439 1911 quod
2473 1850 2700 1910 omnino,

314 1930 398 1991 qui
439 1932 614 1976 omissa
652 1948 887 1995 personae
922 1931 1273 1994 significatione
1321 1935 1770 1992 ταυροκτονοῦντας
1814 1928 2090 1990 ἐπεύχομαι
2130 1930 2298 1981 ἓήσειν
2335 1929 2430 1976 dici
2469 1933 2699 1994 potuerit,

311 2033 413 2061 non
448 2015 760 2077 perspicitur:
798 2014 846 2059 id
880 2014 1014 2076 quod
1051 2032 1165 2059 sane
1202 2015 1344 2059 etiam
1379 2014 1440 2059 ad
1476 2012 1827 2071 αἱμάσσοντας
1846 2011 2153 2072 participium
2180 2012 2403 2072 pertinet.
2435 2013 2531 2058 Nec
2565 2015 2695 2058 enim

312 2097 564 2143 scholiasta
584 2096 823 2143 Mediceus
845 2096 1127 2142 morandus:
1156 2098 1240 2159 qui
1260 2114 1368 2143 cum
1390 2095 1542 2140 λείπει
1565 2096 1703 2153 ἡμᾶς,
1718 2094 1841 2153 ἡμᾶς
1866 2096 2139 2156 ἐπεύχομαι
2157 2092 2420 2154 adnotavit,
2442 2110 2541 2140 non
2560 2095 2700 2159 quod

310 2180 446 2224 abest
464 2189 669 2238 tantum,
690 2178 772 2224 sed
801 2178 934 2240 quod
959 2178 1094 2223 deest
1120 2178 1253 2224 dixit.
1293 2181 1465 2225 Rursus
1483 2179 1626 2241 igitur
1654 2186 1846 2240 praesto
1869 2192 1970 2222 esse
1986 2176 2266 2238 Hartungius
2292 2174 2698 2240 confidenterque

310 2265 764 2320 ταυροκτονοῦντας
798 2257 987 2319 <Ξθῆζαοις
1022 2256 1103 2305 ὧδ’
1141 2263 1245 2319 (sic)
1268 2277 1524 2326 reponere,
1555 2261 1708 2308 forma
1747 2262 1932 2306 invecta
1967 2259 2166 2305 minime
2187 2258 2450 2321 Aeschylia,
2481 2260 2697 2323 neglecta

311 2355 470 2392 autem
495 2347 680 2391 virtutis
703 2347 922 2409 poeticae
941 2347 1293 2406 aestimatione,
1309 2345 1441 2392 unde
1461 2354 1684 2408 quartum
1707 2352 2037 2408 argumentum
2058 2341 2279 2405 petimus.
2310 2341 2526 2388 Omnino
2547 2344 2696 2404 enim,

310 2429 347 2473 si
387 2446 485 2475 non
524 2439 681 2474 essent
717 2430 929 2492 reliquae
960 2429 1252 2474 offensiones
1287 2445 1473 2488 omnes,
1502 2437 1601 2474 tam
1638 2429 1822 2474 exiliter
1856 2426 2121 2472 subiectum
2150 2425 2606 2485 ταυροκτονοῦντάς
2642 2443 2696 2470 τε

311 2511 385 2558 vel
425 2511 567 2557 etiam
605 2510 686 2556 καὶ
721 2510 1089 2576 βουθυτοῦντας
1126 2527 1408 2574 negaremus
1443 2511 1503 2558 ab
1536 2510 1770 2574 Aeschylo
1805 2508 2071 2572 profectum
2110 2522 2224 2551 esse.
2287 2506 2431 2552 Recte
2464 2523 2514 2552 se
2550 2506 2696 2553 habi-

309 2603 472 2641 turum
512 2603 614 2641 erat
649 2595 1095 2658 μηλοσςόαγοῦντας
1129 2593 1581 2657 ταυροκτονοῦντας
1610 2610 1687 2637 τες
1743 2593 1855 2639 item
1887 2599 2014 2636 recte
2048 2589 2296 2651 aliquanto
2334 2590 2581 2637 ornatiore
2617 2591 2698 2637 di-

312 2676 452 2724 cendi
492 2678 652 2740 specie
688 2678 855 2737 μήλοις
897 2679 1096 2741 ταύροις
1131 2675 1178 2721 ‘3’
1215 2677 1565 2736 αἱμάσσοντας
1597 2673 1766 2728 ἑστίας
1800 2675 1921 2718 Ξεῶν
1951 2671 2024 2718 vel
2060 2670 2195 2733 quod
2228 2670 2402 2718 eodem
2437 2671 2564 2720 redit
2606 2677 2695 2733 μή-

309 2754 445 2803 λοισί
480 2758 533 2802 3³
568 2760 917 2818 αἱμάσσοντας
952 2756 1122 2812 ἑστίας
1156 2759 1277 2804 θεῶν
1314 2757 1546 2822 ταύροισί
1581 2773 1655 2801 τες
1692 2757 1886 2803 fortasse
1916 2753 2058 2798 etiam
2094 2751 2541 2816 μηλοσφαγοῦντας
2574 2761 2698 2804 ταύ-

311 2859 412 2905 ροις
448 2839 498 2886 θ’
535 2842 885 2901 αἱμάσσοντας
915 2838 1086 2893 ἑστίας
1123 2843 1245 2887 θεῶν
1284 2842 1356 2887 vel
1392 2842 1840 2901 ταυροκτονοῦντας
1875 2836 2043 2896 μήλοις
2075 2835 2128 2878 θ’
2150 2836 2253 2895 αἱμ.
2275 2837 2307 2880 ἑ.
2333 2836 2382 2881 Ξ.
2419 2838 2694 2888 condonari

310 2924 487 2986 potuit,
511 2940 793 2987 quanquam
830 2925 927 2971 hoc
959 2942 1058 2970 non
1088 2923 1225 2971 valde
1246 2923 1424 2986 placet:
1455 2921 1541 2968 sed
1576 2938 1601 2967 a
1635 2922 1851 2984 graviore
1876 2928 1923 2964 et
1946 2919 2258 2980 exquisitiore
2281 2935 2459 2981 genere
2489 2919 2697 2969 descen-

313 3004 430 3052 dere
467 3006 528 3053 ad
562 3007 754 3053 tenuius
784 3016 831 3052 et
867 3007 1090 3066 ieiunius,
1123 3005 1174 3050 id
1210 3022 1322 3050 vero
1358 3014 1503 3067 poeta
1538 3003 1737 3067 dignum
1778 3019 1877 3047 non
1914 3012 1998 3047 est.

447 3139 539 3185 Tot
573 3139 716 3202 igitur
750 3147 949 3202 tamque
980 3153 1145 3201 graves
1179 3134 1435 3202 dubitandi
1472 3150 1663 3181 caussae
1693 3150 1802 3179 cum
1828 3150 1977 3179 unum
2000 3132 2312 3195 eundemque
2331 3149 2522 3180 versum
2557 3152 2695 3182 com-

313 3235 513 3266 munem
551 3221 717 3268 sedem
756 3221 983 3282 habeant,
1017 3221 1094 3267 vix
1129 3218 1310 3283 poterit
1344 3227 1505 3265 nostra
1541 3216 1775 3262 sententia
1813 3215 1861 3261 in
1898 3215 2180 3261 temeritatis
2208 3215 2392 3262 crimen
2432 3217 2692 3277 incurrere,

314 3300 400 3362 qui
437 3299 499 3345 de
531 3302 891 3366 interpolatoris
922 3301 1089 3348 fraude
1122 3301 1404 3365 suspicetur.
1474 3298 1589 3345 Nam
1630 3315 1727 3343 non
1759 3314 1872 3343 sane
1909 3298 2031 3342 liber
2065 3298 2145 3342 tali
2183 3298 2324 3361 culpa
2361 3299 2398 3343 is
2437 3297 2693 3355 videbitur,
