2986 3832
1300 191 1362 201 -
1430 165 1530 214 vm
1600 191 1662 201 —-

279 317 426 364 supra
462 300 607 347 nobis
640 297 876 354 laudatus,
907 314 1056 361 quem
1097 316 1198 346 non
1233 299 1408 353 θήσειν
1441 288 1684 363 τρόπαια,
1726 296 1815 345 sed
1849 297 2024 351 θήσειν
2056 299 2328 362 ἐσθήματα
2360 303 2436 350 vel
2469 301 2677 367 λάφυρα

282 384 589 433 coniunxisse
625 398 681 430 ex
719 380 834 445 ipsis
871 379 974 427 eius
1008 382 1168 429 verbis
1203 381 1509 429 manifestum
1546 391 1647 429 est:
1706 383 1978 444 ἐσθήματα
2015 385 2254 440 ἀναθήσω
2288 387 2384 450 πρὸ
2418 392 2513 434 τῶν
2546 391 2676 433 ναῶν

281 466 350 513 τὰ
392 466 610 530 λάφυρα.
690 465 798 513 Non
841 464 954 526 legit
1002 463 1145 526 igitur
1187 464 1269 509 ‘ille
1313 463 1457 510 ullam
1498 473 1610 511 ante
1654 465 1924 526 ἐσθήματα
1966 467 2270 532 particulam,
2300 469 2386 518 sed
2416 487 2514 519 una
2552 485 2679 517 con-

284 549 549 597 structione
572 547 905 594 continuatam
933 547 1078 593 talem
1115 546 1521 608 enuntiationem,
1555 547 1749 610 qualem
1788 556 1838 594 et
1871 549 2133 596 verborum
2171 558 2220 598 et
2251 552 2520 599 sententiae
2552 550 2675 597 sim-

282 630 469 694 plicitas
504 627 822 676 commendat
849 636 905 675 ut
936 627 1074 691 quod
1110 627 1351 675 maxime:
1382 613 1388 619 ⁴

890 724 1196 786 μήλοισιν
1246 724 1575 786 αἱμάσσων
1611 723 1746 772 τόθ’
1783 723 2007 780 ἑστίας
2041 728 2200 775 θεῶν

882 809 1104 862 θήσειν
1139 810 1421 864 τροπαῖα
1457 802 1645 853 δαΐων
1681 808 2020 865 ἐσθήματα

287 908 336 955 h.
374 923 414 953 e.
457 905 625 953 nuntia
659 906 891 954 victoriae
934 923 1013 953 me
1062 906 1298 952 facturum
1335 906 1618 951 vestimenta
1653 907 1887 954 hostium.
1924 909 2031 971 Vbi,
2055 917 2109 955 ut
2144 908 2195 954 in
2231 907 2489 970 adiectiVO,
2520 906 2674 954 multo

283 991 427 1036 etiam
464 987 642 1034 certius
675 1004 823 1050 quam
864 990 912 1035 in
947 991 1243 1036 substantivo
1278 989 1742 1048 προπερισπαστέον
1778 988 2047 1036 secundum
2083 999 2300 1036 veterum
2338 989 2675 1052 magistrorum

282 1078 558 1135 praecepta,
594 1068 657 1116 de
692 1070 871 1133 quibus
907 1071 1236 1133 contemptius
1275 1083 1421 1132 quam
1455 1084 1542 1129 par
1578 1077 1678 1113 erat
1710 1069 1959 1116 Elmsleius
1995 1070 2283 1115 existimavit
2317 1070 2367 1116 in
2404 1068 2675 1117 Heraclidas

279 1170 322 1200 v.
362 1152 476 1201 403.
553 1152 852 1201 Adiectivum
900 1171 1001 1200 non
1056 1154 1104 1201 in
1155 1154 1244 1200 illis
1285 1161 1475 1199 tantum
1520 1150 1777 1214 Euripidiis
1827 1151 2020 1199 habetis
2054 1152 2208 1205 Ζηνὸς
2243 1153 2467 1215 ὀρθῶσαι
2496 1151 2674 1218 βρέτας

281 1240 530 1300 τροπαῖον
567 1246 614 1283 et
647 1235 765 1289 Διὸς
792 1240 1033 1298 τροπαῖον
1067 1236 1292 1281 ἵστασαν
1328 1233 1505 1296 βρέτας
1544 1235 1789 1282 Phoeniss.
1830 1238 1972 1283 1251.
2014 1237 2161 1296 1473,
2194 1250 2406 1297 quorum
2440 1235 2536 1281 vim
2573 1249 2675 1280 esse

282 1320 559 1383 ambiguam
606 1318 819 1380 sentitis,
862 1317 948 1365 sed
987 1318 1228 1382 imprimis
1272 1318 1369 1364 huc
1412 1317 1638 1381 apposito
1679 1318 1899 1381 exemplo
1937 1318 2150 1365 Electrae
2195 1332 2237 1363 v.
2277 1314 2403 1365 1174
2453 1318 2674 1380 τροπαῖα

281 1396 501 1461 δείγματ’
540 1398 726 1445 ἀθλίων
755 1401 1181 1463 προσφαγμάτων.
1221 1400 1314 1445 Pro
1350 1399 1648 1445 substantivo
1685 1408 1846 1447 autem
1879 1401 2049 1448 haberi
2084 1408 2314 1462 coeptum
2350 1400 2401 1446 in
2423 1399 2675 1462 Aeschylio

282 1500 420 1529 versu
450 1486 671 1544 τροπαῖα
709 1482 867 1528 effecit
902 1492 955 1528 ut
972 1484 1044 1528 vel
1074 1481 1129 1528 δέ
1155 1484 1225 1528 vel
1253 1499 1308 1527 τε
1339 1482 1574 1544 particula
1606 1483 1786 1529 intrusa
1807 1499 1979 1529 novam
2012 1491 2299 1529 structuram
2337 1482 2670 1545 proximorum

282 1564 542 1610 verborum
581 1564 1084 1623 comminiscerentur,
1119 1563 1260 1625 plane
1298 1573 1350 1609 ut
1384 1565 1527 1610 huius
1563 1564 1750 1611 fabulae
1787 1582 1924 1612 versu
1971 1563 2067 1613 340
2101 1565 2279 1611 factum
2317 1572 2387 1609 est
2418 1564 2467 1610 in
2502 1564 2672 1625 πικρὸν

281 1642 322 1689 δ’
361 1641 501 1705 ὄμμα
535 1646 723 1691 verbis:
780 1661 906 1708 quos
956 1661 1116 1691 versus
1153 1661 1246 1690 una
1283 1662 1390 1691 cum
1430 1646 1689 1709 strophicis
1721 1663 1832 1693 cum
1870 1648 1985 1693 olim
2017 1647 2226 1694 diximus
2258 1654 2361 1693 tum
2401 1661 2531 1691 nunc
2566 1660 2673 1690 cre-

281 1726 444 1772 dimus
474 1727 542 1772 sic
579 1726 917 1772 emendandos
949 1743 1072 1773 esse:

746 1827 1031 1889 κορκορυγαὶ
1069 1825 1112 1871 δ’
1151 1828 1227 1872 ἀν’
1262 1823 1394 1870 ἄστυ
1433 1825 1580 1887 προτί
1610 1826 1661 1870 θ’
1697 1827 1880 1891 ὁρκάνα
1915 1830 2158 1889 πυργωτᾷ·

749 1908 866 1971 πρὸς
902 1904 1081 1973 ἀνδρὸς
1116 1904 1162 1954 δ’
1198 1908 1316 1974 ἀνὴρ
1354 1905 1486 1971 δορεὶ
1524 1907 1761 1956 καίνεται.

751 2053 1071 2111 παντοδαπὸς
1107 2053 1160 2104 δὲ
1197 2057 1381 2123 καρπὸς
1416 2056 1638 2121 χαμάδις
1673 2059 1833 2105 πεσὼν
1869 2060 2065 2121 ἀλγύνει

744 2141 928 2203 κύρσας
966 2141 1138 2203 πικρὸν
1172 2138 1310 2202 ὄμμα
1346 2142 1728 2202 θαλαμηπόλων.

282 2237 378 2283 Nisi
417 2236 583 2299 quod,
636 2237 720 2300 qui
773 2238 1127 2284 accuratissime
1186 2249 1499 2302 exaequatam
1552 2240 1840 2303 syllabarum
1898 2240 2269 2302 responsionem
2323 2247 2514 2300 expetat
2561 2255 2670 2285 cum

283 2320 470 2381 Engero
507 2320 536 2363 l.
573 2335 606 2364 s.
643 2334 675 2363 s.
715 2335 764 2381 p.
803 2323 882 2374 51,
915 2321 1094 2382 poterit
1124 2320 1321 2368 sortasse
1358 2317 1537 2386 δόρατι
1572 2338 1663 2384 pro
1695 2317 1838 2384 δορεί.

435 2434 664 2496 Superest
695 2444 748 2481 ut
783 2436 1083 2497 gravissimas
1116 2438 1281 2482 turbas
1316 2439 1353 2483 si
1390 2438 1632 2501 possimus
1668 2453 2037 2500 componamus,
2077 2438 2257 2502 quibus
2292 2446 2531 2485 extremos
2568 2455 2676 2486 ver-

284 2532 364 2561 sus
400 2525 445 2562 et
478 2517 762 2563 intumuisse
798 2527 845 2563 et
875 2516 1067 2564 dehisse
1102 2527 1286 2565 certum
1325 2528 1411 2566 est.
1482 2518 1580 2579 Qui
1613 2535 1721 2566 cum
1754 2518 1894 2580 vulgo
1930 2519 2047 2566 tales
2077 2519 2376 2583 legerentur:

817 2633 989 2687 θήσειν
1023 2634 1262 2697 τρόπαια,
1298 2635 1541 2695 πολεμίων
1578 2632 1625 2680 δ’
1653 2637 1948 2695 ἐσθήματα,

817 2716 1020 2778 λάφυρα
1059 2712 1210 2761 δαΐων
1246 2713 1571 2783 δουρίπληχθ’
1602 2719 1764 2779 ἁγνοῖς
1798 2716 1984 2781 δόμοις,

288 2832 343 2861 ex
378 2816 682 2878 paucissimis
718 2814 985 2877 codicibus,
1019 2817 1105 2863 sed
1140 2818 1265 2865 inter
1301 2833 1384 2864 eos
1402 2817 1641 2880 Mediceo,
1672 2818 1721 2865 bi
1754 2817 2057 2883 prodierunt,
2089 2835 2215 2883 quos
2247 2834 2303 2865 ex
2330 2818 2434 2882 ipso
2453 2818 2673 2867 Mediceo

288 2899 607 2961 transcriptos
643 2899 703 2944 ab
743 2898 925 2944 Ottone
964 2899 1232 2946 Ribbeckio
1272 2910 1439 2947 nostro
1471 2901 1593 2947 infra
1629 2901 1909 2964 posuimus:

1847 3012 1917 3040 τα

818 3062 992 3115 θήσειν
1021 3062 1255 3126 τρόπαια.
1291 3062 1533 3122 πολεμίων
1569 3058 1615 3107 δ’
1648 3061 1918 3121 ἐσθήμασι·

822 3192 1027 3258 λάφυρα
1063 3189 1227 3238 δαΐων.
1266 3190 1592 3257 δουρίπληχθ’
1625 3193 1786 3254 ἁγνοῖς
1823 3188 1991 3252 δόμοις

1599 3276 1632 3303 τ

821 3323 990 3380 στέψω
1024 3322 1118 3388 πρὸ
1151 3328 1276 3370 ναῶν
1308 3319 1551 3384 πολεμίων
1601 3320 1643 3368 δ’
1676 3322 1956 3383 ἐσθήματα.
